2717 4159
782 325 857 367 mi
904 326 1089 368 mino
1135 322 1622 368 niuconmmco.
2014 306 2125 365 141

290 495 634 557 Parthicum
681 512 831 557 vero
888 494 1123 556 bellum
1182 506 1405 556 senatu
1461 487 1882 556 consentiente
1939 494 2136 554 Verus
2174 508 2234 556 4«)

287 606 478 668 frater
518 615 613 669 est
654 608 904 668 missus.
1002 609 1137 686 ipse
1181 607 1435 667 Romam
1466 606 1782 684 remansit,
1835 603 2004 684 quod
2033 622 2135 665 res

288 717 566 779 urbanae
614 719 999 798 imperatoris
1028 718 1443 797 praesentiam
1488 715 1892 803 postularent.

415 828 567 891 dum
612 829 959 891 Parthicum
1002 828 1239 890 bellum
1285 828 1536 908 geritur,
1591 836 1804 889 natum
1852 835 1945 888 est
1971 828 2133 888 Mar-
2169 831 2248 886 12

287 941 749 1020 comannicum,
814 939 983 1021 quod
1050 939 1161 1001 diu
1218 956 1432 1001 eorum
1507 940 1615 1018 qui
1682 937 1940 1000 aderant
2005 947 2133 998 arte

286 1069 660 1142 suspensum
720 1061 846 1132 est,
913 1060 983 1114 ut
1040 1050 1211 1119 finito
1257 1051 1380 1113 iam
1446 1049 1723 1111 orientali
1766 1049 1928 1110 bello
1972 1051 2134 1109 Mar-

285 1163 714 1224 comannicum
772 1164 868 1244 agi
924 1172 1153 1244 posset.
1262 1171 1324 1223 et
1379 1180 1522 1223 cum
1599 1161 1780 1222 famis
1852 1169 2129 1273 tempore

282 1273 510 1354 populo
555 1274 933 1335 insinuasset
973 1274 1056 1336 de
1097 1273 1294 1352 bello,
1360 1272 1548 1334 fratre
1588 1281 1731 1352 post
1773 1270 2133 1351 quinquen-
2169 1287 2197 1332 5

283 1386 460 1446 nium
520 1403 770 1446 reverso
836 1366 901 1445 in
976 1393 1196 1447 senatu
1244 1385 1398 1464 egit,
1465 1382 1680 1445 ambos
1751 1384 2133 1444 necessarios

283 1495 500 1558 dicens
543 1496 710 1558 bello
755 1495 1118 1557 Germanico
1164 1497 1589 1575 imperatores
1666 1500 1877 1555 tantus
1921 1479 2127 1555 autem
2165 1503 2242 1559 13

283 1610 464 1669 timor
504 1607 655 1669 belli
700 1606 1172 1668 Marcomannici
1202 1607 1319 1668 fuit
1359 1615 1432 1667 ut
1471 1604 1752 1686 undique
1783 1605 2134 1667 sacerdotes

281 1719 630 1781 Antoninus
663 1719 969 1797 acciverit,
1022 1720 1385 1799 peregrinos
1424 1718 1577 1779 ritus
1606 1717 1973 1796 impleverit,
2010 1717 2132 1777 Bo-

281 1850 448 1892 mam
492 1831 661 1891 omni
708 1848 935 1911 genere
980 1829 1338 1891 lustraverit
1393 1828 1865 1907 retardatusque
1909 1827 2129 1889 bellica

279 1922 654 2022 profectione
714 1944 812 2002 sit.
911 1940 1253 2002 ,celebravit
1307 1948 1371 2001 et
1440 1941 1711 2001 Romano
1775 1941 1898 2000 ritu
1954 1940 2131 2000 lecti-
2168 1958 2196 2002 5

280 2055 508 2116 sternia
552 2071 669 2134 per
726 2060 964 2132 septem
1023 2051 1178 2113 dies·
1286 2059 1454 2113 tanta
1511 2061 1720 2113 autem
1776 2051 2126 2131 pestilentia

279 2164 395 2226 fuit
451 2173 520 2226 ut
562 2163 866 2225 vehiculis
911 2162 1214 2225 cadavera
1273 2163 1401 2224 sint
1459 2171 1773 2244 exportata
1834 2164 2129 2224 serracis-

281 2294 402 2355 que
440 2321 454 2335 .
499 2321 512 2334 .
554 2322 566 2336 .
635 2284 696 2336 et
752 2275 943 2337 multa
996 2274 1252 2354 quidem
1317 2275 1486 2335 milia
1556 2274 1909 2354 pestilentia
1977 2293 2128 2337 con-

280 2389 551 2466 sumpsit
594 2387 946 2466 multosque
993 2405 1072 2447 ex
1124 2385 1490 2467 proceribus
1527 2432 1540 2445 .
1584 2432 1597 2445 .
1641 2432 1654 2446 .
1715 2386 1972 2465 profecti
2028 2394 2126 2447 ta-
2162 2398 2239 2454 u

281 2516 427 2558 men
473 2507 618 2560 sunt
663 2496 940 2578 paludati
986 2497 1166 2559 ambo
1211 2498 1646 2576 imperatoreS‚
1710 2505 1772 2558 et
1834 2495 2126 2558 Victualis

280 2619 342 2670 et
383 2592 830 2673 Marcomannis
860 2617 1077 2673 cuncta
1107 2607 1525 2688 turbantibus,
1576 2609 1711 2671 aliis
1743 2610 1928 2670 etiam
1970 2627 2126 2689 gen-

279 2720 447 2783 tibus
493 2738 652 2801 quae
696 2721 913 2799 pulsae
959 2740 995 2783 a
1039 2719 1465 2800 superioribus
1513 2720 1798 2782 barbaris
1840 2719 2129 2800 fugerant

278 2833 395 2893 nisi
444 2833 867 2913 reciperentur
908 2831 1145 2893 bellum
1199 2830 1631 2893 inferentibus.
1743 2850 1860 2893 nec
1904 2850 2126 2912 parum
2165 2853 2192 2899 5

277 2943 507 3023 profuit
549 2945 683 3016 ista*
706 2942 998 3024 profectio
1057 2963 1199 3006 cum
1242 2941 1591 3024 Aquileiam
1653 2961 1853 3023 usque
1912 2945 2126 3006 venis-

278 3064 437 3117 sent.
516 3072 662 3117 nam
721 3056 1006 3136 plerique
1065 3074 1244 3136 reges
1286 3064 1349 3116 et
1390 3074 1533 3116 cum
1578 3054 1825 3135 populis
1868 3056 1998 3119 suis
2056 3073 2125 3117 se

278 3175 675 3228 retraxerunt
763 3176 824 3228 et
908 3167 1211 3228 tumultus
1298 3174 1578 3228 auctores
1651 3168 2118 3255 interemerunt.

280 3277 481 3351 Quadi
526 3285 738 3339 autem
784 3279 1008 3341 amisso
1054 3297 1194 3359 rege
1241 3297 1353 3340 suo
1386 3298 1510 3342 non
1552 3279 1728 3358 prius
1773 3297 1839 3340 se
1899 3276 2125 3339 confir-

416 3453 500 3511 43,
540 3453 591 3498 2.
634 3447 736 3499 suit
761 3446 838 3509 1²2,
869 3462 951 3498 om
974 3464 1032 3500 ω.
1263 3455 1309 3499 3.
1350 3450 1667 3515 peregrinus
1694 3450 1752 3500 B.
1967 3454 2014 3498 5.
2046 3450 2123 3499 sic

278 3534 333 3585 P.
513 3537 594 3597 ⁴4,
641 3539 687 3583 4.
729 3533 945 3585 tandem
977 3534 1317 3587 casaubonus.
1463 3539 1511 3585 2.
1552 3537 1608 3585 et
1624 3537 1804 3598 priore
1832 3536 1938 3586 loco
1963 3536 2116 3586 omP.

417 3623 462 3668 9.
510 3620 671 3670 'amici
