2717 4159
454 497 514 543 w

458 1043 521 1090 45

466 1599 527 1645 20

555 290 674 353 142
1159 307 1350 349 ivnivs
1379 300 1758 351 oamrmrms

555 486 823 540 maturos
878 495 1024 541 eum
1077 477 1185 555 qui
1245 483 1383 539 erat
1446 485 1691 539 oreatus
1748 474 2039 539 dicebant
2092 494 2284 555 quam
2342 475 2410 539 id

556 589 782 651 nostris
824 588 1161 668 placuisset
1205 587 1702 667 imperatoribus.
1796 588 2017 653 Lueius
2062 598 2270 651 tamen
2304 590 2409 651 'm-

556 702 721 761 vitus
763 700 1080 778 protentus
1121 690 1240 761 est-J
1327 716 1475 761 eum
1534 699 1816 778 plerique
1862 698 1943 761 ad
2000 699 2229 779 legatos
2287 700 2410 761 im-

556 819 910 892 peratorum
956 811 1271 871 mitterem.
1311 808 1679 873 defeetienis
1702 810 1957 894 veniam
1998 810 2402 890 postulanteS,

560 923 783 984 Lucius
827 921 1083 1001 quidem
1132 920 1301 1001 quod
1341 923 1613 985 amissus
1654 930 1820 983 esset
1846 920 2197 1001 praemotus
2223 941 2413 1002 prae-

558 1035 710 1094 torio
756 1036 973 1095 Furius
1017 1034 1365 1097 Victorinus
1423 1040 1607 1111 atque
1649 1051 1799 1112 pars
1851 1034 2158 1095 exereitus
2212 1034 2412 1095 inter-

562 1146 711 1207 isset
787 1143 1183 1211 redeundum
1249 1163 1388 1207 esse
1470 1142 1786 1207 censebat.
1891 1146 2131 1209 Marcus
2173 1153 2407 1220 autem,

565 1232 795 1336 finge‘re
841 1254 1138 1321 barbaros
1169 1257 1504 1318 aestimans
1548 1263 1612 1317 et
1654 1254 1863 1335 fugam
1890 1263 1955 1317 et
1999 1264 2203 1319 eetera
2247 1274 2411 1336 quae

564 1367 960 1431 securitatem
1004 1365 1286 1429 bellicam
1332 1365 1762 1444 ostenderent,
1799 1362 1803 1369 ’
1838 1365 1916 1427 ob
1974 1367 2090 1428 hoe
2133 1386 2213 1441 ne
2258 1370 2412 1435 tanti

564 1475 895 1558 apparatus
940 1478 1100 1541 mole
1144 1486 1579 1557 premerentur
1622 1475 1981 1543 instandum
2027 1494 2167 1543 esse
2211 1477 2411 1543 duee·—

564 1589 691 1650 bat.
769 1588 1043 1677 denique
1099 1589 1478 1651 transeensis
1544 1586 1809 1669 Alpibus
1863 1588 2106 1669 Longius
2160 1608 2415 1670 prooes-

567 1710 784 1762 serunt
825 1707 1428 1780 composueruntque
1482 1701 1691 1761 omnia
1755 1718 1919 1779 quae
1961 1700 2049 1763 ad
2086 1703 2415 1765 munimen

566 1812 774 1875 Italiae
834 1820 1020 1890 atque
1096 1811 1320 1892 Illyrici
1376 1804 1793 1890 pertinebant.
1910 1813 2143 1891 placuit
2205 1821 2413 1877 autem

565 1931 823 2003 urgente
896 1923 1084 1985 Luoio
1136 1930 1206 1984 ut
1269 1924 1637 2001 praemissis
1701 1921 1783 1984 ad
1841 1933 2130 1987 senatum
2194 1925 2415 1987 litteris

568 2037 790 2099 Lucius
833 2034 1171 2099 Romanam
1215 2033 1476 2110 rediret3
1531 2031 1891 2114 Marioque,
1928 2043 2254 2115 postquam
2298 2036 2416 2096 iter

707 2209 790 2257 ⁴2.
824 2212 937 2268 post
959 2209 1043 2255 est
1071 2207 1410 2255 Mommsenus
1433 2207 1767 2267 interpunoeit.
1916 2207 1995 2253 44.
2027 2209 2082 2256 et
2106 2207 2283 2256 lucius
2309 2207 2411 2265 BP,

476 2302 490 2314 ·
567 2292 767 2353 Lucius
792 2292 1149 2341 Mommsenus.
1326 2292 1408 2338 ⁴5.
1439 2292 1642 2354 utquae
1671 2291 1729 2353 B,
1771 2294 1939 2355 utque
1964 2291 2020 2339 P.
2201 2295 2285 2339 46.
2326 2304 2419 2342 es-

497 2412 508 2419 .
569 2381 651 2427 set
675 2378 734 2436 B,
763 2377 871 2425 ee*
893 2377 950 2429 P.
1094 2379 1176 2425 22.
1207 2375 1403 2438 yllirici
1422 2376 1483 2426 B.
1643 2379 1726 2427 24.
1742 2376 2027 2439 Altinoque
2049 2376 2414 2440 Mammam,

571 2462 751 2526 ibique
792 2465 836 2512 H
868 2462 1144 2522 lor-danus,
1212 2460 1525 2524 biaquoque
1560 2461 1658 2510 BP.
1775 2462 1895 2512 Veri
1937 2475 1980 2512 c.
2019 2466 2047 2511 9
2095 2463 2164 2512 ad
2210 2462 2420 2513 bellum

570 2549 953 2615 Germanicum
977 2547 1204 2607 MarcuS,
1246 2547 1396 2608 quod
1421 2545 1588 2599 nollet
1612 2546 1840 2597 Lucium
1864 2548 1981 2597 sine
2009 2560 2065 2597 se
2090 2548 2176 2597 vel
2202 2548 2271 2598 ad
2296 2548 2419 2598 bel-

569 2634 682 2682 lum
706 2634 919 2682 mittere
945 2631 1030 2681 vel
1069 2633 1123 2679 in
1147 2630 1284 2682 urbe
1310 2630 1585 2681 dimittere
1611 2644 1770 2683 causa
1796 2632 2058 2694 luxuriae,
2099 2634 2263 2684 simul
2287 2646 2418 2698 pro-

571 2718 696 2769 iecti
731 2721 857 2769 sunt
892 2720 1058 2781 atque
1093 2717 1393 2781 Aquileiam
1429 2722 1696 2769 venerunt
1732 2721 2015 2785 invitoque
2050 2720 2217 2771 Lucio
2254 2719 2417 2784 Alpes

573 2804 909 2866 transgressi,
951 2816 1074 2853 cum
1100 2804 1275 2853 Verus
1299 2803 1445 2868 apud
1468 2804 1773 2868 Aquileiam
1799 2809 2010 2857 tantum
2033 2807 2262 2856 venatus
2285 2819 2419 2856 con-

570 2890 887 2952 vivatusque
925 2891 1085 2950 esset,
1128 2889 1557 2939 Marcusautem
1582 2892 1761 2940 omnia
1797 2893 2174 2956 prospexisset.
2218 2892 2285 2942 de
2311 2905 2419 2955 quo

570 2975 715 3024 bello
753 2973 992 3038 [quidem
1016 2987 1117 3038 per
1153 2973 1352 3036 legatos
1376 2973 1732 3026 barbarorum
1757 2989 1947 3041 pacem
1972 2978 2274 3041 petentium
2300 2979 2420 3041 qui-

572 3062 698 3111 dem
733 3073 832 3124 per
867 3059 1039 3109 duces
1074 3061 1289 3109 nostros
1312 3062 1527 3122 gestum
1562 3062 1663 3124 est]
1702 3063 1758 3111 in
1782 3062 2078 3113 Mareivita
2103 3063 2417 3127 plenissime

572 3146 907 3210 disputatum
944 3149 1045 3195 est.
1110 3146 1392 3210 conposito
1430 3148 1611 3197 autem
1645 3145 1789 3196 bello
1826 3148 1881 3195 in
1916 3147 2209 3208 Pannonia,
2248 3159 2418 3210 urgu-

572 3234 696 3281 ente
735 3231 898 3279 Lucio
934 3231 1236 3294 Aquileiam
1283 3231 1562 3281 redierunt
1609 3231 1863 3296 quodque
1914 3231 2149 3282 urbanas
2197 3231 2417 3281 deside-

574 3316 729 3366 rabat
751 3317 949 3367 Lucius
984 3315 1305 3382 voluptateS,
1347 3319 1403 3365 in
1440 3315 1634 3366 urbem
1671 3316 2001 3367 destinatum
2037 3320 2137 3366 est.
2179 3318 2275 3367 sed
2313 3331 2419 3367 non

574 3403 729 3467 longe
765 3402 833 3452 ab
869 3402 1046 3453 Altino
1099 3402 1281 3452 subito
1320 3403 1374 3451 in
1411 3402 1662 3451 vehiculo
1701 3401 1890 3452 morbo
1939 3416 2102 3467 quem
2137 3404 2421 3468 apoplexin

573 3492 768 3538 vocant
814 3490 1096 3552 correptus
1145 3488 1368 3549 LuciuS,
1437 3487 1716 3553 depositus
1766 3501 1795 3537 e
1844 3488 2123 3550 vehicu10,
2182 3489 2423 3540 detracto

575 3575 832 3636 sanguine
883 3573 1122 3623 Altinum
1180 3573 1504 3638 perductu8‚
1569 3586 1696 3622 cum
1744 3573 1921 3624 triduo
1968 3577 2153 3624 mutus
2200 3575 2424 3625 vixisset

575 3661 718 3726 apud
753 3659 995 3710 Altinum
1032 3660 1208 3724 periit.
1286 3660 1427 3708 inter
1463 3671 1585 3709 corr
1608 3659 1662 3710 P.
