2717 4159
453 921 511 967 ⁴5

440 1031 527 1087 45

546 266 630 330 42
1217 288 1497 330 conssul
1543 287 1736 329 nclrr

548 466 610 518 et
681 456 937 536 quidem
1011 476 1224 536 servo,
1292 446 1438 538 quia
1498 458 1736 522 subitos
1790 459 2057 519 hostium
2110 460 2404 519 incursus

547 567 832 648 prohibet
886 569 1204 649 Oceanus,
1259 572 1487 632 otiosae
1530 589 1713 651 porro
1758 578 2129 632 armatorum
2176 587 2399 631 manus

549 679 725 741 facile
783 680 1142 744 lasciviunt:
1211 683 1530 743 enimvero
1588 700 1794 761 neque
1852 680 2123 770 nobilem
2191 698 2401 760 neque

554 802 916 880 ingenuum,
970 813 1050 857 ne
1094 794 1454 855 libertinum
1501 792 1756 872 quidem
1798 795 1990 855 armis
2017 809 2404 873 praeponere

553 913 721 991 regia
763 910 996 973 utilitas
1040 916 1157 970 est.

678 1032 849 1084 trans
894 1022 1158 1082 Suionas
1202 1016 1373 1079 aliud
1413 1035 1601 1096 mare,
1654 1019 1899 1097 pigrum
1940 1035 2013 1078 ac
2050 1033 2244 1097 prope
2281 1018 2405 1077 im-

486 1153 491 1156 ’
554 1142 832 1213 motum,¹
893 1151 1015 1212 quo
1069 1131 1234 1211 cingi
1284 1127 1584 1208 cludiqu'e
1641 1137 1945 1190 terrarum
1999 1128 2215 1189 orbem
2258 1129 2407 1189 hinc

488 1483 515 1527 5

552 1244 710 1307 fides
767 1243 937 1324 quod
994 1252 1311 1304 extremus
1365 1239 1643 1302 cadentis
1686 1242 1808 1302 iam
1875 1240 2022 1302 selis
2080 1239 2280 1320 fulgor
2336 1242 2404 1301 in

552 1366 754 1419 ortum
820 1354 1049 1417 edurat·
1098 1352 1252 1416 adeo
1308 1352 1514 1416 clarus
1578 1361 1650 1414 ut
1692 1351 1894 1416 sidera
1941 1352 2209 1413 hebetet.
2302 1370 2406 1413 so-

555 1488 706 1530 num
737 1470 996 1547 insuper
1037 1466 1412 1545 emergentis
1456 1463 1659 1526 audiri
1702 1464 2055 1544 formasque
2100 1482 2403 1543 equorum

550 1589 612 1642 et
652 1580 860 1643 radios
903 1563 1122 1659 capitis
1164 1578 1358 1657 aspici
1387 1576 1707 1656 persuasio
1737 1574 1945 1637 adicit.
2024 1576 2172 1637 istuc
2200 1593 2405 1655 usque

440 1684 442 1686 ’
549 1700 611 1753 et
652 1691 815 1753 fama
858 1707 1007 1752 vera
1051 1696 1290 1752 tantum
1336 1696 1580 1749 natura.

453 2041 515 2086 40

678 1822 823 1883 ergo
866 1804 990 1863 iam
1032 1799 1251 1862 dextre
1294 1798 1548 1861 Suebici
1591 1801 1781 1861 maris
1835 1799 2011 1862 litore
2056 1797 2405 1864 Aestiorum

552 1923 767 1995 gentes
810 1912 1181 1988 adluuntur3
1258 1910 1490 1991 quibus
1532 1913 1690 1973 ritus
1731 1911 2104 1990 habitusque
2163 1911 2408 1975 Suebo-
2441 1897 2446 1902 ’

556 2044 728 2104 rum,
804 2025 1018 2105 lingua
1075 2025 1461 2085 Britannicae
1517 2024 1787 2103 propior.
1897 2031 2156 2085 mairem
2212 2022 2406 2085 deum

557 2144 954 2200 venerantur.
1046 2138 1289 2216 insigne
1333 2136 1788 2214 superstitionis
1833 2134 2057 2197 formas
2112 2151 2405 2216 aprorum

556 2257 794 2329 gestant
826 2268 838 2307 ε
885 2246 950 2309 id
992 2266 1106 2328 pro
1151 2245 1340 2308 armis
1397 2248 1802 2325 omniumque
1859 2247 2049 2308 tutela
2115 2265 2402 2310 securum
2454 2231 2458 2234 ⁵

693 2562 774 2608 44.
816 2558 1016 2608 ostium
1044 2553 1093 2624 3.
1240 2559 1321 2605 42.
1363 2556 1567 2606 otiosae
1610 2555 1833 2617 Golorus,
1866 2557 2046 2607 ociosa
2066 2557 2155 2619 Bb,
2195 2558 2408 2609 occiosa

559 2643 608 2704 C,
650 2645 822 2693 otiosa
846 2657 890 2693 c.
1036 2646 1118 2691 43.
1161 2642 1466 2692 lasceuiunt
1484 2656 1555 2705 pr
1584 2642 1633 2694 C.
2277 2707 2278 2710 Ἰ

693 2731 776 2790 45,
820 2733 864 2776 4.
907 2730 1130 2794 Suionas
1153 2727 1282 2788 BCc,
1322 2729 1546 2779 suiones
1570 2730 1615 2778 b.
1726 2730 1994 2780 inmotum
2025 2730 2076 2781 C.
2242 2734 2293 2779 2.
2324 2731 2404 2780 ci-

554 2816 642 2878 gni
673 2815 723 2866 G.
833 2809 1068 2878 claudiq;
1105 2814 1183 2870 Cc.
1398 2816 1445 2864 ¹».
1488 2818 1667 2864 ortum
1690 2816 1781 2876 Bb,
1822 2818 1973 2866 ortus
2004 2815 2082 2867 Cc.
2193 2810 2408 2867 hebetet

553 2902 612 2972 Β.
747 2905 793 2951 5.
837 2901 1163 2965 emergentis
1190 2913 1273 2949 om
1297 2899 1344 2951 C.
1441 2899 1641 2951 formas
1670 2904 1770 2962 (om
1795 2902 1919 2965 que)
1957 2900 2038 2953 ac.
2130 2915 2400 2965 equorum

551 2999 735 3050 maryo
758 2988 989 3037 Vaticani
1010 3000 1102 3036 vnn
1130 2989 1248 3046 655,
1294 2986 1504 3036 colorus
1528 2993 1578 3039 et
1607 2988 1824 3048 TFabem
1865 2988 2094 3038 deorum
2130 2989 2265 3040 libri.

553 3071 866 3135 formaeque
892 3072 1148 3122 decorem
1176 3073 1429 3123 Heinsius.
1611 3077 1658 3123 6.
1701 3073 1887 3123 adiicit
1909 3073 2067 3125 Bch.
2160 3074 2331 3125 illhuc
2356 3088 2399 3126 c.

694 3161 742 3207 8.
785 3170 912 3220 erga
943 3157 993 3208 C.
1103 3158 1292 3207 dextra
1323 3157 1374 3208 G.
1483 3159 1692 3209 Saeuici
1716 3159 1855 3219 BQ,
1897 3160 2066 3209 seuici
2091 3160 2137 3216 b,
2188 3160 2410 3226 supra}

555 3244 762 3294 sueuici
793 3241 900 3304 302,
940 3244 1148 3293 sueuici
1173 3249 1221 3294 et
1245 3246 1300 3293 in
1322 3247 1559 3309 maraine
1592 3245 1821 3295 suionici
1848 3242 1895 3312 3.
2008 3245 2185 3296 littore
2217 3247 2296 3297 Cc.

552 3331 857 3380 Aestiorum
878 3329 1005 3389 Boc,
1048 3330 1310 3379 estiorum
1335 3332 1381 3391 b,
1422 3331 1533 3380 essu
1566 3344 1729 3394 supra
1765 3335 1969 3394 scripsit
2003 3338 2050 3382 et
2085 3334 2137 3381 in
2175 3336 2410 3396 margine

554 3417 680 3466 eflui
711 3413 758 3483 3.
970 3419 1021 3463 9.
1060 3415 1360 3466 adluuntur
1384 3416 1441 3477 C,
1493 3416 1771 3468 alluuntur
1795 3430 1838 3478 c,
1879 3416 2174 3468 abluuntur
2195 3418 2285 3468 Bb.

554 3502 756 3564 hitusq3
807 3501 857 3556 C.
978 3501 1284 3554 Sueuorum
1320 3503 1479 3554 Bch.
1754 3506 1835 3552 40.
1875 3501 2136 3553 britanico
2179 3503 2229 3554 C.

554 3592 637 3639 42.
681 3588 935 3653 omnique
962 3587 1166 3654 Lipsius
1191 3592 1240 3642 et
1265 3589 1425 3638 codex
1455 3588 1760 3639 Turicensis.
