2717 4159
541 233 623 299 28
1197 253 1479 298 connum
1523 254 1718 297 uum

529 425 853 504 incohant‚
930 443 1055 485 non
1115 425 1200 486 ita
1257 425 1471 487 effusis
1538 443 1609 487 ac
1668 424 2051 505 palustribus
2112 425 2260 487 locis
2325 434 2397 488 ut

530 546 772 598 ceterae
819 536 1097 598 civitates
1141 537 1207 596 in
1254 554 1412 615 quas
1443 536 1777 598 Germania
1822 539 2113 616 patescit:
2167 536 2396 599 durant

534 646 845 727 siquidem
876 648 1080 725 colleS‚
1135 647 1435 728 paulatim
1464 657 1808 727 rarescunt,
1864 657 1926 709 et
1954 647 2204 710 Chattos
2249 667 2394 711 suos

468 769 498 815 5
537 760 731 822 saltus
777 760 1124 838 Hercynius
1180 761 1576 840 prosequitur
1629 760 1815 821 simul
1871 769 2058 839 atque
2111 758 2387 840 deponit.

474 941 480 948 ‚
537 870 787 948 duriora
845 872 1014 952 genti
1074 889 1327 951 corpora
1347 919 1362 950 ,
1416 872 1609 932 stricti
1655 877 1854 951 artus,
1929 872 2143 933 minax
2183 872 2394 934 vultus

538 992 599 1043 et
642 985 836 1043 maior
879 983 1071 1044 animi
1119 984 1312 1062 vigor.
1365 982 1651 1061 multum,
1705 992 1775 1044 ut
1819 984 1983 1043 inter
2025 984 2383 1062 GermanOS‚

538 1095 790 1156 rationis
846 1112 918 1155 ac
975 1094 1317 1156 sollertiae:
1392 1111 1777 1175 praeponere
1842 1095 2100 1172 electos,
2174 1092 2391 1157 audire

539 1206 948 1286 praepositos,
1017 1223 1203 1268 nosse
1243 1205 1527 1286 ordines,
1594 1207 1953 1288 intellegere
2014 1207 2384 1285 occasiones,

440 1325 500 1371 ⁴0
537 1316 786 1378 differre
845 1318 1149 1398 impetus,
1215 1316 1547 1398 disponere
1592 1318 1788 1396 diem,
1843 1318 2077 1380 vallare
2122 1323 2383 1398 noctem,
2468 1331 2475 1338 ·

538 1428 850 1490 fortunam
909 1430 1070 1490 inter
1114 1429 1342 1508 dubia,
1409 1431 1706 1492 virtutem
1750 1432 1918 1510 inter
1955 1439 2123 1491 certa
2167 1449 2393 1491 nume-

537 1557 695 1618 rare,
744 1540 1040 1620 'qimdque
1086 1543 1474 1602 rarissimum
1520 1560 1635 1602 nec
1681 1542 1801 1603 nisi
1845 1542 2156 1603 Romanae
2201 1539 2392 1603 disci—

536 1652 744 1733 plinae
790 1671 1172 1730 concessum,
1226 1653 1369 1733 plus
1415 1669 1715 1734 reponere
1775 1653 1842 1713 in
1881 1652 2045 1715 duce
2092 1669 2280 1733 quam
2325 1654 2392 1714 in

536 1765 834 1825 exercitu.
916 1784 1098 1825 omne
1144 1763 1336 1826 robur
1379 1767 1446 1826 in
1489 1764 1720 1845 pedite,
1773 1781 1960 1844 quem
2003 1781 2191 1845 super
2221 1783 2392 1827 arma

436 1883 497 1928 ⁴⁵
536 1875 928 1938 ferramentis
959 1894 1208 1956 quoque
1246 1885 1307 1937 et
1349 1877 1544 1957 copiis
1574 1886 1864 1938 onerant:
1917 1876 2068 1938 alios
2097 1876 2179 1939 ad
2207 1895 2393 1957 proe-

534 1987 687 2049 lium
733 1989 822 2050 ire
868 1987 1104 2068 videaS,
1158 1987 1408 2052 Chattos
1453 1987 1535 2050 ad
1566 1988 1825 2050 bellum.
1921 1989 2042 2049 rari
2089 2007 2390 2051 excursus

536 2108 599 2160 et
641 2098 892 2161 fortuita
938 2117 1169 2180 pugna.
1234 2102 1620 2180 equestrium
1665 2118 1816 2162 sane
1862 2102 2090 2162 virium
2134 2100 2199 2162 id
2231 2101 2391 2181 'pro—

534 2212 761 2291 prium‚
815 2212 934 2272 cito
976 2230 1197 2292 parare
1230 2213 1566 2291 victoriam,
1622 2214 1739 2272 cito
1786 2211 2041 2273 cedere:
2095 2211 2390 2273 velocitas

537 2324 708 2384 iuxta
752 2322 1165 2401 formidinem,
1219 2325 1529 2386 cunctatio
1571 2326 1824 2404 propior
1859 2325 2237 2386 constantiae
2269 2331 2380 2385 est.

435 2434 509 2490 81
537 2442 600 2495 et
671 2434 806 2497 aliis
863 2435 1309 2496 Germanorum
1384 2435 1631 2516 populis
1695 2446 2065 2515 usurpatum
2130 2453 2269 2497 raro
2329 2443 2391 2496 et

672 2686 719 2732 2.
762 2684 1017 2735 incohant
1041 2699 1083 2744 c,
1140 2681 1175 2735 ἶ
1176 2666 1337 2733 001ιεῖ
1355 2685 1416 2745 B,
1474 2683 1762 2743 inchoato,
1807 2684 2026 2734 inchoat
2049 2688 2228 2747 etpost
2263 2685 2283 2731 t
2320 2684 2386 2734 li-

531 2771 654 2818 ma
676 2766 727 2836 β,
768 2769 1021 2818 inchoant
1052 2770 1109 2821 C:
1336 2773 1384 2819 8.
1426 2770 1631 2820 durans
1649 2783 1722 2833 pr
1745 2769 1789 2819 b.
1983 2844 1991 2854 ¹
2026 2772 2072 2817 4.
2114 2780 2389 2839 rarescere

526 2884 598 2934 pr
627 2870 677 2923 C.
777 2872 988 2922 chattos
1013 2873 1099 2932 Be,
1141 2875 1311 2922 cattos
1338 2874 1384 2932 b,
1426 2835 1608 2923 cactos
1637 2873 1688 2924 C.
1872 2876 1921 2922 5.
1961 2871 2240 2922 hercinius
2265 2870 2380 2931 hcc,

536 2957 823 3021 Hircynius
846 2958 906 3008 Β.
1014 2961 1177 3022 atque
1209 2956 1322 3026 σοβ,
1362 2971 1428 3008 ac
1449 2958 1537 3008 Bb.
1752 2962 1801 3008 6.
1843 2969 2000 3007 arcus
2025 2956 2103 3008 Oc.

535 3046 583 3093 8.
625 3044 863 3093 romanis
887 3053 950 3092 ac
978 3044 1032 3095 C.
1155 3043 1373 3106 solertie
1404 3044 1515 3095 ch.
1738 3048 1787 3093 9.
1829 3055 1992 3093 nosce
2023 3042 2073 3093 G.
2185 3041 2386 3092 intelli·

532 3157 655 3209 gere
683 3145 840 3197 Bch.
1046 3150 1135 3200 ⁴2„
1170 3160 1393 3197 romane
1421 3148 1478 3207 Β,
1520 3157 1743 3207 romane
1767 3146 1812 3207 b,
1855 3157 1946 3195 roe
1977 3145 2027 3204 C,
2069 3145 2275 3194 ratione
2302 3141 2381 3211 σβ.

670 3286 753 3333 44.
794 3284 1032 3349 inpeditae
1063 3284 1115 3346 C,
1168 3285 1427 3349 impedite
1466 3297 1511 3334 c.
1619 3231 1785 3347 qugm
1808 3284 1869 3343 Β,
1923 3295 2085 3348 quam
2111 3296 2154 3332 c.

536 3371 615 3418 45.
647 3368 1095 3433 ferramentisque
1119 3374 1173 3421 et
1192 3384 1232 3420 o.
1310 3370 1582 3420 honorant
1612 3369 1662 3420 C.
1825 3372 1906 3419 46.
1948 3370 2119 3419 cattos
2144 3373 2190 3419 ο.
2265 3382 2385 3422 raro

533 3453 585 3505 C.
753 3458 835 3507 49.
864 3456 1073 3507 iustab.
1170 3457 1438 3508 conctatio
1465 3456 1524 3516 B,
1566 3456 1799 3506 conlatio
1829 3455 1880 3510 C
1963 3457 2246 3555 propiora
2278 3455 2357 3506 Gc.

666 3561 749 3618 34,
793 3563 841 3609 4.
883 3559 1097 3624 populis
1122 3558 1239 3617 Βὸο,
1282 3533 1553 3623 patriisc.
1648 3571 1770 3610 mro
1795 3558 1883 3617 bc,
1913 3560 2116 3618 raiaB,
2157 3572 2348 3612 rarae.
