2717 4159
555 304 666 364 104
1022 324 1055 364 Β
1089 322 1268 364 num
1293 322 1487 364 unius
1516 321 1914 364 xvii-*xxxin

547 491 850 552 roborum·
903 493 1147 554 vastitas
1192 494 1421 553 intaeta
1465 493 1637 553 aevis
1681 500 1743 552 et
1782 493 2107 570 congenita
2156 492 2395 555 mundo

546 621 736 683 prope
798 604 1126 664 inmortali!
1174 614 1336 665 sorte
1409 603 1704 665 miracula
1772 602 2047 664 exeedit.'
2136 612 2207 665 ut
2273 604 2391 666 alia

545 715 903 776 omittantur
960 714 1082 776 fide
1141 716 1441 791 caritura,
1502 722 1743 783 constat
1800 714 1988 777 attolli
2044 715 2233 775 eolles
2284 735 2397 776 oe-

455 818 510 885 '5
549 827 946 891 causantium
989 828 1152 888 inter
1209 842 1278 887 se
1323 824 1605 886 radicum
1648 828 2017 906 repercussu
2074 836 2212 905 aut,
2283 827 2392 889 ubi

550 944 759 998 secuta
803 938 989 999 tellus
1034 957 1157 999 non
1202 938 1302 1014 sit,
1340 955 1520 999 arous
1544 935 1629 998 ad
1674 955 1875 998 ramos
1903 955 2105 1016 usque
2137 948 2200 999 et
2226 940 2396 1019 ipsos

549 1049 711 1108 inter
753 1069 820 1110 se
868 1051 1144 1112 rixantes
1172 1051 1418 1111 em'vari
1463 1052 1774 1129 portarum
1806 1049 2152 1128 patentium
2184 1049 2387 1126 modo,

548 1167 617 1220 ut
675 1168 909 1222 turmas
959 1162 1243 1240 equitum
1298 1162 1670 1238 tramittant,
1738 1158 2065 1239 glandiferi
2125 1162 2396 1220 maxime

387 1324 394 1327 ,
452 1286 511 1330 4ο
549 1272 794 1350 generis
852 1291 1096 1352 omnes,
1166 1271 1399 1351 quibus
1453 1271 1644 1331 honos
1688 1269 1859 1348 apud
1898 1271 2203 1332 Romanos
2247 1289 2398 1352 per-

548 1390 794 1461 petuus.

416 1500 513 1551 203
559 1492 678 1573 ξΊὸ)
722 1541 734 1554 .
780 1536 792 1553 .
827 1541 840 1554 .
889 1495 1183 1555 Germani
1228 1493 1577 1574 praedones
1614 1493 2249 1575 singulis.'arboribus
2289 1512 2397 1555 oa·—

555 1605 707 1665 vatis
751 1606 1073 1683 navigant,
1141 1624 1405 1685 quarum
1451 1604 1759 1685 quaedam
1816 1616 1879 1666 et
1920 1623 2052 1665 xxx
2114 1605 2396 1666 homines

551 1714 775 1776 ferunt.

380 2005 429 2053 X
1096 1929 1138 1983 E
1179 1929 1379 1981 mulus
1403 1929 1853 1980 XVII—XXXin

432 2007 522 2054 VII

449 2074 513 2124 26
560 2048 637 2129 (3)
682 2092 696 2109 .
741 2095 753 2108 .
799 2096 815 2109 .
867 2069 983 2111 nee
1025 2049 1343 2111 luxuriosa
1386 2048 1616 2128 pabula
1646 2049 1922 2130 ³pinguis
1966 2049 2090 2115 soli
2148 2019 2397 2131 semper

551 2159 846 2222 indicium
902 2161 1153 2225 habent.
1247 2179 1393 2222 nam
1439 2158 1590 2240 quid
1651 2158 1965 2222 laudatius
2028 2161 2399 2223 Germaniae

551 2271 795 2349 pabulis
818 2273 849 2332 ⁶?
905 2281 968 2334 et
1023 2273 1231 2334 statim
1289 2271 1506 2333 subest
1548 2271 1779 2333 harena
1828 2273 2192 2337 tenuissimo
2247 2292 2395 2334 eae-

550 2384 781 2463 spitum
826 2385 1009 2444 corio.

346 2454 512 2572 xxiii}
559 2493 681 2576 (44)
734 2496 1003 2575 primum
1060 2497 1337 2557 omnium
1393 2493 1684 2553 frumenti
1745 2493 1963 2555 vitium
2020 2510 2217 2557 avena
2270 2505 2385 2575 est,

548 2615 609 2667 et
652 2605 955 2668 hordeum
1003 2607 1067 2666 in
1111 2624 1248 2666 eam
1293 2604 1632 2684 degenerat
1673 2606 1761 2666 sio
1804 2613 1877 2666 ut
1916 2605 2050 2686 ipsa
2101 2605 2395 2669 frumen&

546 2718 626 2779 sit
668 2718 880 2796 instar,
933 2719 1165 2797 quippe
1211 2735 1352 2777 oum
1385 2716 1749 2777 Germaniae
1774 2716 1987 2795 populi
2022 2727 2393 2780 seranteam

424 2900 435 2913 .
550 2847 753 2909 neque
798 2829 918 2889 alia
962 2828 1136 2909 pulte
1180 2829 1412 2889 vivant.

344 2899 636 3021 xulgloe)
691 2939 954 3001 Cadurci
986 2939 1176 3000 Caleti
1221 2940 1447 3000 Ruteni
1493 2940 1795 3020 Bituriges
1839 2914 2161 3019 ultimique
2193 2941 2395 3001 homi·-

549 3069 698 3113 num
745 3052 1075 3112 existimati
1105 3050 1338 3128 Morini,
1395 3052 1581 3111 immo
1628 3069 1773 3112 vero
1803 3044 2032 3111 Galliae
2064 3038 2394 3113 universae

551 3161 686 3223 vela
737 3169 991 3238 =texunt,
1060 3163 1181 3221 iam
1239 3160 1494 3239 quidem
1553 3171 1616 3223 et
1670 3161 2102 3224 transrhenani
2160 3163 2385 3241 hosteS‚

552 3290 665 3333 neo
707 3272 1117 3352 pulchriorem
1179 3273 1362 3333 aliam
1406 3281 1645 3333 vestem
1689 3289 1903 3333 eorum
1964 3272 2232 3334 feminae
2277 3294 2396 3336 no-

395 3414 408 3429 *
484 3396 514 3445 9
550 3402 717 3444 vere.
778 3431 790 3443 .
837 3430 850 3443 .
895 3429 907 3441 .
959 3383 1024 3443 in
1071 3383 1400 3445 Germania
1447 3392 1655 3445 autem
1701 3381 1981 3445 defossae
2027 3392 2211 3467 atque
2273 3384 2394 3447 sub

687 3557 803 3614 ⁴49,
847 3558 901 3603 3.
938 3554 1154 3603 servant
1184 3553 1269 3613 13¹,
1289 3556 1340 3605 F.
1591 3558 1639 3615 9,
1684 3558 1730 3605 4.
1772 3550 1970 3604 defossi
2000 3554 2056 3615 Ε,
2109 3552 2321 3606 defossa
2355 3558 2396 3620 Q

553 3640 734 3703 (Paris.
769 3643 932 3689 40348
958 3653 1090 3691 saec.
1121 3652 1190 3688 vu
1215 3642 1300 3690 vet
1320 3640 1429 3702 vm)
1472 3640 1560 3693 DF
1564 3638 1624 3690 G.
