2717 4159
301 1180 948 1245 CHOROGRAPHIAE
979 1183 1028 1243 E
1061 1147 1632 1244 COMMEN'I'ARIIS
1662 1181 1739 1240 M.
1767 1176 2150 1240 AGRIPPAE

342 1302 443 1364 AB
486 1299 840 1367 AVGVSTO
885 1301 1166 1363 EDITAE
1228 1300 1329 1362 DE
1377 1297 1740 1363 MENSVRA
1785 1299 2109 1361 PROVIN—

915 1421 1202 1484 CIARVM
1248 1419 1527 1484 CAPITA

426 1595 635 1672 Dacia,
683 1596 890 1657 Getica
935 1595 1237 1656 finiuntur
1281 1594 1359 1655 ab
1417 1594 1651 1654 oriente
1698 1591 1960 1654 desertis
2003 1593 2149 1653 Sar-

298 1708 554 1787 matiae,
608 1707 690 1770 ab
718 1706 1030 1769 occidente
1060 1706 1316 1770 flumine
1345 1705 1599 1783 Vistula,
1651 1723 1687 1765 a
1732 1705 2149 1786 septentrione

294 1820 564 1898 Oceano,
619 1839 654 1881 a
698 1818 958 1881 meridie
1002 1818 1258 1880 flumine
1306 1818 1556 1878 Histro.·
1622 1834 1782 1895 quae
1825 1824 2042 1895 patent
2083 1817 2148 1875 in

292 1930 681 2010 longitudine
727 1930 894 1991 milia
935 1947 1232 2010 passuum
1279 1947 1521 2005 ccmxxx,
1573 1929 1639 1989 in
1670 1925 1994 1999 latitudine
2025 1941 2148 2005 qua

294 2039 609 2121 cognitum
656 2051 749 2104 est
792 2041 960 2104 milia
989 2061 1288 2122 passuum
1333 2058 1675 2101 ccczxxxw.

427 2153 770 2234 Illyricum,
833 2155 1139 2215 Pannonia
1185 2152 1266 2214 ab
1323 2152 1578 2212 oriente*
1607 2149 1863 2211 flumine
1926 2151 2135 2229 Drino,

295 2264 378 2325 ab
444 2263 760 2328 occidente
821 2264 1085 2328 desertis
1141 2265 1207 2325 in
1266 2262 1498 2343 quibus
1564 2261 1843 2326 habitant
1909 2263 2020 2352 'Boi
2086 2272 2148 2323 et

433 2483 802 2524 munsvmrio
827 2484 1191 2524 Pnovmcmwu
1217 2471 1257 2522 Δ
1278 2473 1314 2521 ι’.
1338 2484 1386 2520 0.
1414 2470 1575 2521 codex
1604 2471 1880 2521 Vaticanus
1904 2471 2022 2530 244,
2051 2481 2147 2517 nn—

295 2568 607 2618 uonsmno
647 2568 1013 2608 novmcmuu
1049 2558 1092 2607 B
1115 2559 1150 2605 i.
1183 2570 1229 2607 e.
1257 2557 1419 2607 codem
1451 2556 1725 2623 Vaticaaegus
1749 2557 1868 2605 247.

437 2647 486 2702 8,
519 2646 564 2692 4.
594 2642 752 2692 Dacia
777 2646 830 2693 et
856 2619 927 2691 Β]
986 2642 1136 2691 Datia
1160 2644 1216 2692 et
1237 2644 1426 2693 Alania
1452 2644 1501 2696 D
1523 2645 1558 2692 i.
1579 2656 1622 2693 e.
1656 2643 1891 2696 Dicuilus
1914 2633 1975 2692 do
1997 2654 2146 2694 men-

293 2741 426 2778 sura
451 2729 585 2778 orbis
611 2734 784 2780 terrae
811 2731 857 2788 4,
890 2732 936 2787 7,
968 2731 997 2776 2
1028 2728 1095 2789 (4,
1127 2728 1234 2790 46).
1450 2733 1500 2777 2.
1541 2729 1742 2778 iustnla
1759 2730 1816 2789 A,
1857 2728 2056 2778 hiustia
2075 2727 2139 2777 D.

438 2817 485 2862 3.
528 2815 657 2864 istro
683 2814 743 2863 B.
865 2813 962 2875 qui
986 2816 1130 2876 patet
1156 2815 1211 2873 Α,
1252 2816 1446 2878 patens
1474 2815 1538 2865 D.
1763 2817 1807 2864 4.
1850 2813 2147 2877 longitudi-

296 2912 422 2948 nem
447 2898 629 2950 decies
664 2901 885 2948 centum
920 2897 1088 2959 milia,
1129 2899 1355 2949 latitudo
1393 2889 1512 2963 qua
1539 2902 1880 2962 cognoscitur
1903 2900 1967 2950 D.

296 2984 465 3034 millia
488 2987 527 3038 A
551 2986 776 3047 absquo?
845 2984 1036 3046 qua‘A,
1075 2987 1340 3047 quantum
1365 2986 1425 3035 B.
1614 2989 1660 3035 5.
1704 2987 1849 3035 milia
1885 2995 2148 3051 passuum

295 3083 380 3119 om
402 3071 462 3120 A.
521 3083 839 3121 ·cc‹:1.xxxm·
867 3070 926 3119 B.
981 3071 1129 3120 iuxta
1165 3070 1398 3122 Plinium
1441 3071 1756 3124 Secundum
1799 3073 1855 3120 in
1903 3072 2146 3124 secundo

292 3157 424 3221 falso
449 3157 642 3208 addidit
666 3157 730 3206 D.
770 3158 882 3208 vide
907 3156 1048 3218 infra
1072 3158 1224 3208 Plinii
1248 3171 1300 3207 1v
1327 3161 1411 3208 84.

436 3247 518 3302 48,
562 3247 710 3292 4-3.
754 3243 940 3296 Rhetia
975 3243 1170 3302 minor,
1231 3242 1484 3303 Noricus,
1526 3244 1812 3303 Pannonia,
1863 3243 2146 3303 Illiricum,

293 3327 575 3387 Dalmatia,
616 3327 871 3382 Liburnia
894 3329 1092 3380 finiunt
1126 3327 1193 3377 ab
1219 3329 1428 3378 oriente
1454 3329 1737 3389 Dardania,
1776 3328 1844 3380 ab
1869 3329 2150 3378 occidente

294 3412 517 3462 flumine
555 3413 740 3463 Rheno
768 3415 814 3463 D
842 3419 888 3475 4,
919 3417 965 3463 4.
1003 3414 1070 3477 (4,
1104 3415 1207 3476 44).
1451 3419 1497 3463 4.
1542 3416 1813 3465 iulii-icum
1855 3414 1948 3465 Gi.
1978 3427 2026 3462 a.
2065 3427 2153 3466 co-

294 3500 396 3548 dex
428 3500 549 3549 olim
583 3499 1023 3560 Wessotontanus,
1076 3513 1217 3549 nane
1250 3501 1572 3552 Monacensis
1607 3503 1771 3548 22035
1808 3511 1940 3549 saec.
1973 3511 2080 3560 vin.
2109 3503 2147 3564 s.

295 3588 402 3635 6⁴⁸.
512 3584 785 3648 illyricum
809 3588 864 3634 et
887 3586 946 3634 B.
1064 3586 1208 3634 trino
1235 3585 1334 3636 Ac.
1558 3589 1604 3633 2.
1646 3585 1893 3635 dissertis
1925 3585 1975 3636 G.

1837 3689 1863 3735 4

2185 1604 2224 1659 Θ

2186 2166 2260 2221 18
