2717 4159
434 934 816 985 Mauricius
854 934 1224 998 HauptiuS,
1277 946 1403 984 cum
1452 947 1482 983 a
1527 934 1966 997 recognoscendo
2015 935 2215 986 iterum
2261 935 2371 986 hoc

297 1027 483 1078 libello
518 1027 638 1078 aliis
656 1029 824 1095 ‘curis
850 1027 1204 1088 detineretur,
1244 1028 1466 1091 rogatus
1490 1040 1520 1076 a
1557 1041 1645 1077 me
1684 1026 1945 1079 subsidiis
1980 1042 2120 1092 quae
2158 1030 2212 1079 in
2237 1042 2367 1079 eum

295 1121 460 1172 finem
508 1120 576 1171 ah
612 1123 802 1172 amicis
840 1123 1227 1187 impetraverat
1272 1122 1352 1172 uti
1390 1120 1623 1186 henigne
1660 1123 1948 1199 concessit.
2013 1135 2190 1173 unum
2236 1136 2370 1173 vero

295 1216 407 1266 fere
446 1215 581 1267 illud
618 1217 752 1265 mihi
804 1216 1077 1280 agendum
1115 1229 1235 1266 esse
1272 1217 1463 1265 censui
1510 1219 1573 1266 ut
1608 1229 1748 1279 quae
1784 1217 1838 1265 in
1876 1215 2059 1278 libris,
2100 1230 2131 1266 e
2167 1216 2372 1281 quibus

294 1323 422 1375 prae
460 1311 658 1360 ceteris
693 1297 976 1376 archetypi
1012 1310 1338 1376 exemplaris
1389 1311 1567 1374 imago
1604 1311 1833 1374 ipsaque
1870 1311 2038 1361 Taciti
2073 1310 2240 1361 verba
2276 1324 2372 1361 re·

208 1425 213 1428 Δ
295 1404 528 1467 petenda
555 1406 700 1464 sunt,
740 1405 940 1470 scripta
963 1405 1330 1467 inveniuntur,
1373 1405 1428 1454 et
1461 1405 1644 1455 verius
1669 1407 1724 1454 et
1757 1403 1975 1469 plenius
2000 1418 2162 1469 quam
2188 1404 2369 1455 adhuc

295 1509 468 1561 usque
505 1496 709 1548 factum
745 1502 828 1549 est
864 1500 1155 1550 traderem.
1217 1498 1367 1564 quod
1402 1500 1628 1563 quidem
1663 1497 1782 1549 fieri
1818 1499 1995 1564 potuit
2029 1500 2244 1563 egregia
2280 1499 2372 1549 di·

294 1591 513 1654 ligentia
549 1606 657 1656 qua
692 1581 984 1644 Adolfus
1020 1593 1382 1668 Michaelis
1416 1594 1701 1644 vaticanos
1740 1597 1872 1643 ⁴862
1906 1594 1982 1657 (B)
2025 1597 2081 1643 et
2119 1596 2251 1643 4518
2285 1593 2363 1656 (C)

295 1689 349 1736 et
382 1686 524 1736 alius
561 1680 924 1751 nescioquis,
965 1688 1054 1737 cui
1090 1688 1148 1738 ,id
1184 1685 1541 1738 ab=0ttone
1587 1685 1831 1738 Iahnio
1873 1688 2191 1738 mandatum
2226 1689 2359 1749 erat,

295 1780 616 1832 Leidensem
656 1781 719 1843 (b)
758 1781 1128 1842 contulerant,
1193 1782 1269 1831 ita
1317 1784 1377 1831 ut
1423 1781 1557 1845 quid
1605 1782 1924 1846 praesertim
1971 1781 2027 1831 in
2073 1781 2180 1831 hoc
2224 1781 2364 1831 libro

292 1874 447 1925 alteri
494 1876 676 1925 manui
726 1876 1050 1938 correctoris
1093 1875 1178 1926 vel
1216 1875 1631 1944 interpolatores
1672 1871 1738 1942 (β)
1780 1873 2074 1937 debeatur,
2115 1875 2221 1925 iam
2257 1876 2370 1926 du-

296 1968 444 2018 bium
482 1982 589 2018 non
627 1970 714 2019 sit.
791 1971 1107 2034 praeterea,
1160 1973 1241 2019 ut*
1271 1973 1488 2019 errores
1521 1973 1579 2019 et
1623 1947 1960 2032 neglegentia
1995 1969 2220 2020 alterius
2254 1969 2368 2019 Va·

295 2063 458 2113 ticani
497 2063 579 2127 (C)
616 2064 851 2128 quodam
888 2062 1050 2113 modo
1086 2066 1598 2128 compensarentur,
1639 2063 1825 2113 addidi
1862 2062 2125 2114 lectiones
2159 2064 2368 2115 codicis

293 2155 632 2222 Neapolitani
661 2158 747 2221 (o),
788 2170 927 2222 quas
960 2158 1078 2222 pari
1113 2170 1237 2221 erga
1271 2170 1360 2207 me
1398 2152 1775 2207 benerolentia
1810 2156 2153 2208 Ernestus
2189 2158 2365 2208 Mar-

296 2251 488 2301 tinus
541 2255 597 2301 et
644 2251 911 2303 Ulrieus
964 2251 1035 2302 de
1068 2250 2039 2303 Wilamowitz-Mollendorff
2070 2253 2125 2302 in
2174 2265 2364 2303 meum

294 2357 454 2395 usum
492 2348 870 2397 enotaverunt.

500 2482 735 2533 Berolini
773 2482 827 2536 d.
867 2483 935 2532 VI
969 2496 1043 2533 m.
1073 2483 1193 2533 Iulii
1219 2482 1679 2533 MDCCCLXXIII.

1837 2637 1910 2698 K.
1962 2639 2038 2699 M.
