2717 4159
582 276 662 337 94
1019 336 1026 343 ,
1209 292 1240 332 Β
1273 292 1447 333 rium
1500 290 1673 335 uno
1707 288 1787 334 lv.

585 464 767 523 Mosa.
846 463 1147 523 introrsus
1189 478 1336 521 vero
1383 460 1550 525 nullo
1597 458 1855 522 inferius
1897 459 2213 522 nobilitate
2260 461 2426 521 Her-—

457 581 543 630 101
586 575 834 651 oynium
878 574 1091 653 iugum
1136 571 1587 652 praetenditur.
1693 570 1812 653 (29)
1866 573 1930 632 in
1961 572 2172 632 Rheno
2217 581 2425 633 autem

582 693 735 771 ipSO,
788 711 978 773 prope
1023 684 1060 753 (ἶ
1104 694 1167 752 in
1212 690 1680 773 longitudinem,
1742 691 2122 753 nobilissima
2164 693 2428 754 Batavo-

585 821 721 863 rum
788 804 987 865 insula
1053 814 1116 864 et
1165 803 1679 866 Cannenefatium
1745 813 1808 864 et
1873 803 2026 864 aliae
2092 804 2425 865 Frisiorum

587 886 965 978 Chaucorum
990 916 1414 976 Frisiavonum
1437 915 1780 976 Sturiorum
1803 915 2233 976 Marsaciorum
2265 933 2428 995 quae

521 1036 547 1081 5
588 1034 948 1087 sternuntur
990 1027 1152 1087 inter
1197 1026 1506 1087 Helinium
1548 1044 1622 1088 ae
1649 1023 1924 1087 Flevum.
1975 1027 2054 1086 ita
2102 1027 2428 1106 appellan-

588 1148 688 1197 tur
731 1139 882 1198 ostia
925 1138 991 1198 in
1037 1156 1198 1217 quae
1244 1137 1478 1198 effusus
1520 1138 1772 1198 Rhenus
1817 1155 1850 1197 a
1896 1139 2312 1216 septentrione
2358 1140 2424 1198 in

587 1248 771 1327 lacuS‚
842 1248 922 1309 ab
967 1247 1283 1310 oeeidente
1339 1251 1404 1310 in
1464 1267 1709 1312 amnem
1756 1249 1980 1309 Mosam
2041 1266 2109 1309 se
2168 1252 2423 1330 spargit,

586 1357 789 1420 medio
846 1361 1007 1422 inter
1063 1361 1214 1422 haee
1270 1379 1374 1422 ore
1426 1359 1734 1422 modicum
1781 1360 2014 1420 nomini
2059 1378 2170 1420 suo
2216 1371 2429 1422 custo-

585 1469 765 1531 diens
816 1472 1086 1533 alveum.

457 1587 549 1638 102
600 1582 717 1664 (30)
772 1602 850 1644 ex
894 1583 1154 1645 adverso
1198 1583 1383 1644 huius
1428 1583 1582 1643 situs
1628 1582 1938 1643 Britannia
1999 1582 2200 1644 insula
2259 1583 2424 1644 clara

588 1695 835 1755 Graecis
894 1695 1241 1774 nostrisque
1287 1694 1682 1754 monimentis
1740 1693 1901 1752 inter
1944 1695 2423 1772 septentrionem

587 1816 647 1865 et
702 1804 1082 1867 occidentem
1138 1804 1312 1883 iacet,
1380 1805 1746 1865 Germaniae
1792 1791 2038 1865 Galliae⁸
2065 1804 2417 1884 Hispaniae,

588 1916 776 1978 multo
820 1918 1106 1978 maximis
1150 1916 1431 1996 Europae
1477 1915 1785 1995 partibus,
1839 1932 2058 1994 magno
2102 1916 2426 1977 intervallo

519 2041 545 2087 5
585 2026 868 2090 adversa.
946 2026 1167 2089 Albion
1227 2028 1343 2108 ipsi
1402 2046 1626 2088 nomen
1682 2026 1822 2106 fuit,
1890 2045 2031 2087 cum
2078 2027 2428 2089 Britanniae

590 2148 951 2200 vocarentur
1006 2158 1219 2201 omnes
1279 2138 1356 2201 de
1405 2139 1634 2219 quihus
1694 2157 1835 2200 mox
1890 2138 2072 2219 paulo
2118 2138 2422 2202 dicemus.

587 2251 735 2310 haec
779 2249 953 2311 abest
995 2270 1030 2315 a
1062 2250 1380 2312 Gesoriaco
1404 2251 1774 2313 Morinorum
1818 2252 2015 2332 gentis
2060 2252 2231 2312 litore
2276 2270 2423 2331 pro-

1788 2362 2243 2371 ————-

586 2371 749 2430 ximo
806 2373 1065 2432 traiectu
1108 2362 1160 2432 ἰ.
1214 2371 1472 2432 circuitu
1515 2380 1728 2450 patere
1778 2368 2060 2455 lxxxxvm}
2109 2391 2251 2433 Lxxv
2305 2374 2425 2453 Py-

586 2482 757 2543 theas
801 2490 862 2542 et
906 2481 1173 2544 Isidorus
1216 2480 1489 2561 tradunt,
1543 2501 1654 2542 xxx
1684 2500 1876 2563 prope
1921 2483 2041 2544 iam
2087 2484 2264 2545 annis
2311 2502 2427 2543 no-

724 2683 771 2728 3.
815 2679 1156 2729 herchinium
1182 2681 1240 2739 A,
1271 2679 1571 2729 hercinium
1600 2680 1663 2740 D,
1695 2679 1998 2729 hex-oinium
2019 2680 2075 2739 R,
2105 2679 2350 2742 yrcinum
2368 2694 2419 2728 a.

726 2768 839 2826 404,
887 2769 932 2814 4.
974 2778 1104 2814 reno
1130 2766 1192 2815 D.
1383 2770 1433 2815 2.
1475 2765 1808 2829 longitudine
1832 2765 1890 2815 A.
1987 2763 2343 2814 bathauorum
2369 2779 2418 2815 a.

725 2855 772 2899 3.
815 2850 1213 2900 cannenfatium
1240 2851 1285 2901 D
1315 2852 1538 2912 (annen-
1563 2851 1620 2915 R,
1660 2863 1859 2901 canne-
1885 2863 1935 2910 a,
1974 2851 2151 2899 -cium
2176 2851 2262 2913 Rd)
2295 2852 2419 2901 Rad.

724 2936 774 2987 ⁴2
815 2949 1107 2986 cauoorum
1133 2936 1270 2987 Dua.
1381 2938 1675 2987 sturiorum
1698 2933 1822 2997 Am,
1869 2936 2131 2984 tusiorum
2158 2936 2284 2996 Eud,
2336 2939 2427 2985 tu-

589 3022 794 3071 riorum
818 3037 876 3074 x.
1067 3026 1117 3072 ⁵.
1158 3022 1403 3071 belinum
1430 3024 1484 3082 R,
1527 3022 1750 3072 elinium
1776 3035 1826 3070 a.
2015 3020 2063 3071 6.
2105 3021 2340 3072 effussus
2364 3022 2420 3072 A.

726 3112 773 3156 7.
816 3109 937 3158 lacu
973 3110 1030 3160 A.
1141 3108 1498 3173 speruitDad.
1678 3108 1727 3159 8.
1768 3107 1928 3156 chore
1953 3107 2010 3156 A.

729 3197 843 3255 402,
888 3198 934 3243 4.
977 3192 1263 3245 brittannia
1288 3196 1325 3243 A
1367 3194 1588 3257 ubique,
1640 3191 1887 3242 brittania
1915 3192 1969 3242 R.
2203 3196 2252 3242 2.
2293 3194 2427 3244 Mela

593 3284 640 3339 3,
671 3284 717 3340 6,
749 3284 830 3329 50.
1045 3282 1092 3328 7.
1135 3280 1411 3343 gesoriacu
1436 3281 1473 3331 A
1495 3317 1507 3340 ,
1549 3280 1820 3342 geseriaeu
1848 3277 1962 3338 DE,
2015 3280 2283 3340 gesoriaco
2308 3277 2421 3341 Rd2,

589 3384 844 3446 gesiriaeo
869 3384 907 3433 P
946 3384 1132 3445 (Paris,
1161 3386 1292 3432 4860
1318 3396 1453 3433 saec.
1481 3385 1552 3445 x.)
1748 3385 1794 3431 8.
1832 3372 2075 3431 Ξῑῖκῖῐῆ.
2092 3395 2242 3455 ‘mxxv
2264 3382 2306 3431 A
2332 3382 2428 3432 So·-

588 3489 722 3537 limcs
746 3489 830 3546 22,
863 3491 922 3535 40
967 3490 1093 3556 (4-8),
1155 3500 1331 3537 xtviu.
1365 3499 1494 3537 mxxv
1512 3486 1569 3546 P,
1608 3476 1797 3534 iiix-15.
1825 3498 1925 3534 xxv
1948 3485 2048 3544 Dd,
2084 3476 2296 3534 fifv‘fff.
2324 3496 2425 3534 xxv

587 3589 669 3639 ER
692 3589 981 3641 Martianus
1005 3595 1055 3651 6,
1085 3594 1202 3651 666,
1242 3602 1471 3640 xnvnn.
1502 3601 1600 3638 xxv
1625 3588 1680 3638 F.
