2717 4159
1104 298 1424 344 cauma.
2119 278 2196 344 21

337 469 598 551 hospitis
642 487 825 530 nemo
870 465 1190 530 discernit.
1271 466 1549 552 abeunti,
1604 468 1658 532 si
1705 467 1862 547 quid
1903 486 2203 549 poposce-

337 582 451 659 rit,
514 579 854 644 concedere
912 580 1133 656 moris3
1200 588 1267 644 et
1306 577 1604 659 poscendi
1664 580 1933 641 invicem
1979 578 2199 643 eadem
2239 590 2302 637 45

334 690 617 754 facilitas.
714 689 987 772 gaudent
1029 690 1422 772 muneribus,
1480 689 1594 752 sed
1637 709 1756 753 nec
1800 688 1946 756 data
1990 692 2199 771 impu-

335 811 468 864 tant
533 821 651 863 nec
695 802 965 882 acceptis
1008 800 1395 882 obligantur:
1459 801 1735 870 vinclum
1780 802 1946 866 inter
1987 802 2200 883 hospi—

333 923 428 976 tes
471 915 747 976 comitas.
2253 973 2262 984 ,

463 1026 671 1088 statim
717 1043 752 1086 e
798 1042 1035 1102 somno,
1102 1043 1291 1104 quem
1337 1022 1709 1104 plerumque
1757 1026 1822 1086 in
1869 1024 2037 1087 diem
2081 1044 2197 1088 ex·
2217 1027 2302 1082 22

251 1217 257 1223 .
333 1137 617 1215 uehunt,
686 1136 1007 1212 lavantur;
1081 1137 1331 1216 saepius
1390 1134 1619 1214 calida,
1686 1144 1756 1198 ut
1813 1134 1985 1217 apud
2039 1155 2196 1215 quos

330 1248 670 1329 plurimum
732 1247 936 1332 hiems
1000 1256 1275 1327 occupat.
1398 1246 1556 1308 lauti
1618 1245 1828 1309 cibum
1903 1248 2188 1328 capiunt:

280 1418 295 1432 ,
330 1368 651 1440 separatae
698 1334 960 1438 singulis
1005 1356 1187 1422 sedes
1232 1367 1295 1420 et
1338 1377 1451 1422 sua
1482 1358 1707 1437 cuique
1739 1377 1977 1421 mensa.
2059 1368 2195 1422 tum

330 1469 417 1533 ad
457 1471 702 1551 negotia
746 1489 864 1532 nec
906 1470 1115 1532 minus
1161 1487 1349 1549 saepe
1397 1468 1477 1531 ad
1521 1470 1807 1534 convivia
1846 1468 2195 1551 procedunt
2230 1450 2264 1536 s

330 1583 572 1664 armati.
654 1582 820 1648 diem
883 1589 1254 1660 noctemque
1297 1582 1665 1644 continuare
1721 1581 1993 1663 potando
2039 1581 2193 1643 nulli

333 1692 654 1773 probrum.
749 1693 1026 1771 crebrae,
1078 1702 1148 1756 ut
1193 1692 1358 1756 inter
1399 1691 1751 1756 vinolentos
1770 1740 1786 1771 ‚
1839 1694 2010 1758 rixae
2054 1711 2193 1755 raro

333 1805 646 1883 conviciis,
701 1804 949 1885 saepius
993 1802 1185 1868 caede
1230 1813 1293 1868 et
1320 1803 1696 1870 vulneribus
1735 1805 2185 1884 transiguntur.

328 1913 540 1980 sedet
580 1914 663 1978 de
707 1914 1180 1982 reconciliandis
1211 1905 1483 1980 invicem
1520 1916 1787 1982 inimicis
1818 1924 1880 1978 et
1923 1916 2189 1997 iungen—

328 2024 427 2090 dis
471 2024 880 2092 affinitatibus
923 2037 991 2088 et
1030 2025 1410 2098 asciscendis
1451 2026 1861 2110 principibus,
1915 2026 1994 2090 de
2035 2045 2189 2108 pace
2228 2048 2290 2093 4ο

328 2136 603 2218 denique
646 2158 718 2202 ac
749 2138 912 2204 bello
955 2137 1327 2219 plerumque
1374 2140 1440 2201 in
1471 2140 1771 2203 conviviis
1809 2139 2180 2219 consultant,

324 2258 649 2329 tamquam
693 2250 865 2314 nullo
894 2251 1090 2331 magis
1134 2260 1412 2331 tempore
1457 2260 1565 2318 aut
1609 2249 1694 2314 ad,
1721 2250 2038 2331 simplices
2082 2269 2188 2313 co-

326 2360 655 2440 gitationes
696 2370 908 2441 pateat·
950 2362 1197 2426 animus
1254 2371 1365 2424 aut
1405 2360 1492 2424 ad
1533 2380 1790 2443 magnas
1833 2362 2181 2426 incalescat.

324 2489 481 2552 gens
536 2490 663 2534 non
720 2481 923 2538 astuta
981 2491 1097 2538 nec
1154 2471 1380 2536 callida
1431 2474 1633 2553 aperit
1689 2472 1894 2536 adhuc
1949 2482 2189 2537 secreta

467 2718 550 2766 44.
590 2715 840 2780 hospitiis
858 2729 931 2780 pr
950 2713 1009 2768 C.
1102 2718 1418 2782 poposcerit
1444 2713 1534 2785 Ωβ,
1573 2719 1888 2783 poposceris
1915 2719 1982 2780 (ἲ)
2010 2719 2187 2783 ωρο-

322 2805 624 2865 poscerunt
649 2802 707 2854 B.
935 2806 1016 2854 46.
1059 2801 1287 2853 facultas
1312 2818 1357 2855 c.
1576 2807 1657 2853 47.
1700 2817 1801 2853 nec
1832 2809 1840 2864 ι
1873 2817 1973 2854 nec
2007 2807 2063 2854 in
2083 2807 2187 2869 fine

320 2887 537 2936 alterius
572 2893 620 2937 σε
657 2888 711 2936 in
741 2890 884 2938 initio
921 2888 1139 2938 alterius
1160 2901 1345 2939 versus
1372 2890 1430 2939 Β.
1540 2889 1779 2939 vinclum
1809 2889 2179 2950 Lachmamuw,

320 2972 502 3022 victus
525 2971 689 3023 ΒὸΟσ.
788 2974 930 3024 inter
962 2973 1213 3023 homines
1244 2973 1304 3026 C.
1462 3029 1470 3037 ,
1516 2980 1600 3026 48.
1641 2975 1871 3026 comitas
1895 2975 2186 3028 Lachman-

320 3071 434 3118 nuS,
480 3059 653 3108 comis
681 3056 844 3108 Bch.

460 3148 545 3204 22,
591 3148 636 3195 4.
679 3157 708 3193 e
740 3140 852 3210 Οοβ,
894 3144 1041 3193 enim
1067 3145 1154 3196 Bb.
1263 3145 1566 3210 plerunque
1593 3160 1638 3198 c.
1827 3153 1876 3197 3.
1917 3148 2185 3216 plurimus

298 3228 521 3279 rhiemis
541 3243 582 3279 c.
660 3229 852 3294 hyems
865 3228 964 3280 BC.
1112 3233 1161 3280 4.
1191 3233 1435 3297 seperate
1467 3231 1553 3291 Bb,
1585 3235 1770 3301 sepate
1805 3231 1857 3283 G.
2006 3239 2052 3284 5.
2084 3248 2187 3283 ne-

319 3314 477 3378 gocia
500 3313 587 3368 Bb.
735 3317 781 3364 7.
806 3315 858 3364 vi
880 3315 1090 3364 nulet-os
1105 3315 1158 3369 G.
1304 3321 1351 3366 8.
1384 3318 1636 3368 conuitiis
1654 3318 1779 3369 Boc,
1856 3319 2186 3383 transfigun-

319 3399 471 3450 turb.
618 3403 668 3449 9.
696 3400 793 3450 sed
819 3401 872 3450 et
900 3400 986 3460 Bb,
1016 3400 1113 3454 sed
1143 3399 1221 3452 Cc.
1299 3404 1664 3454 reconciliatis
1680 3402 1732 3454 C.
1807 3403 2104 3454 'inimititiis
2125 3406 2180 3457 C.

431 3507 513 3552 4ο.
555 3503 921 3556 adsciscendis
949 3502 1046 3555 BG.
1193 3508 1274 3558 44.
1314 3505 1621 3571 plerunque
1648 3520 1692 3557 c.
1844 3511 1924 3555 42.
1968 3489 2096 3578 tani
2121 3509 2179 3558 Β.

431 3592 511 3638 43.
551 3591 755 3653 petato.
901 3592 982 3639 44.
1014 3590 1082 3639 ad
1108 3590 1215 3640 huc
1235 3590 1289 3650 G,
1319 3591 1501 3641 adhuc
1530 3606 1576 3651 c,
1611 3592 1681 3642 ad
1713 3585 1902 3652 hec'B‚
1931 3593 2104 3644 adhec
2134 3595 2181 3646 b.
