2717 4159
509 305 629 369 168
1062 325 1096 366 Β
1144 325 1407 369 numen
1453 324 1795 370 smrnelcl

402 511 465 557 ιο
505 489 588 576 μή
630 487 789 556 πάνυ
817 492 1229 578 φροντίζοντες
1274 487 1570 566 σκούλκας
1600 489 1703 557 καὶ
1744 496 1852 578 τῆς
1896 496 2111 577 λοιπῆς
2156 487 2363 579 ἀσφα-

500 602 686 675 λείας.
754 588 1100 668 διαλύονται
1158 601 1226 667 δὲ
1280 598 1547 676 εὐκόλως
1606 601 1710 667 καί
1756 599 1868 668 ὕπὸ
1914 607 2109 690 φυγῆς
2165 588 2396 691 ἐσχηὲ

503 714 866 800 ματισμένης
923 711 1029 778 καὶ
1086 705 1259 799 ἄφνω
1312 708 1439 778 κατ’
1520 709 1716 779 αὐτῶν
1790 711 2356 800 ἀντιστρεφομένης,

498 820 786 897 πολλάκις
847 823 915 888 δὲ
956 821 1060 889 καὶ
1101 819 1436 909 νυκτεριναὶ
1492 823 1706 910 ἔφοδοι
1764 826 2155 897 ἱπποτοξοτῶν
2203 822 2365 911 βλά-

498 960 740 1000 πτουσιν
803 930 1052 1027 αὐτούς,
1133 930 1328 1021 χύδην
1404 930 1600 1000 αύτῶν
1677 932 2160 1021 άπληκευόντων.
2238 933 2362 1023 χρὴ

400 1074 461 1121 45
499 1046 692 1111 τοίνυν
757 1043 872 1133 πρό
918 1070 989 1131 γε
1056 1041 1331 1111 ἁπάντων
1395 1047 1459 1111 ἐν
1516 1047 1646 1119 ταῖς
1690 1042 1816 1112 κατ’
1893 1043 2088 1113 αὐτῶν
2138 1043 2367 1134 μάχαις

501 1153 877 1244 ἀμβιτρεύειν
923 1158 1009 1229 εἰς
1056 1156 1348 1243 δημοσίας
1405 1153 1798 1244 παρατάξεις,
1845 1154 1949 1222 καὶ
1995 1154 2255 1244 μάλιστα
2298 1158 2363 1222 ἐν

498 1271 621 1342 τοῖς
663 1268 995 1355 προοιμίοις
1011 1316 1032 1346 ,
1108 1264 1235 1334 ἀλλ’
1319 1264 1616 1341 εὖτάκτως
1675 1263 2020 1355 ἐφεδρεύειν
2064 1267 2172 1334 καὶ
2223 1272 2369 1334 κλο-

498 1381 640 1453 παῖς
699 1377 824 1445 κατ’
888 1374 1084 1444 αὐτῶν
1144 1380 1489 1466 κεχρῆσθαι
1555 1383 1782 1463 μᾶλλον
1837 1377 1943 1443 καὶ
2005 1380 2358 1466 σοφίσμασι,

500 1488 602 1556 καὶ
646 1487 1071 1576 ὖπερτίθεσθαι
1113 1487 1216 1554 καὶ
1260 1485 1565 1577 διασύρειν
1608 1487 1710 1554 τὸν
1754 1487 1965 1576 καιρὸν
2010 1487 2113 1555 καὶ
2157 1486 2363 1575 ἀσύμ-

400 1629 463 1675 50
501 1626 677 1689 φωνα
722 1601 1205 1688 σχηματίζεσθαι
1246 1600 1396 1687 πρὸς
1428 1597 1667 1680 αύτούς,
1717 1599 1819 1667 ἵνα
1861 1595 1902 1688 ἢ
1948 1607 2022 1688 τῇ
2066 1607 2188 1667 τῶν
2236 1603 2357 1667 δα-

499 1708 866 1798 πανημάτων
911 1712 1107 1798 λείψει
1145 1706 1189 1797 ἢ
1234 1709 1338 1777 καὶ
1380 1717 1454 1799 τῇ
1491 1717 1625 1801 τοῦ,
1640 1708 1953 1786 καύσωνος
2002 1707 2043 1799 ἢ
2089 1717 2194 1779 τοῦ
2239 1707 2366 1798 ψύ-

498 1849 647 1912 χους
721 1819 978 1911 ὄχλήσει
1046 1819 1114 1888 τὸ
1180 1819 1407 1910 θράσος
1482 1820 1680 1890 αὖτῶν
1753 1820 1857 1888 καί
1919 1820 1989 1889 τὸ
2053 1818 2364 1910 πρόθυμον

498 1936 839 2021 ἐλαττωθῇ.
893 1930 1142 1999 δυνατὸν
1191 1933 1258 1998 δὲ
1301 1930 1426 1999 ἐστὶ
1465 1940 1639 2001 τοῦτο
1682 1935 1970 2020 γενέσθαι
2014 1936 2078 1999 ἐν
2123 1932 2367 2022 ὀχυρω-

500 2047 693 2133 τέροις
738 2042 841 2110 καὶ
901 2041 1215 2130 δυσβάτοις
1270 2041 1475 2118 τόποις
1534 2041 1976 2131 ἀπληκεύοντος
2018 2050 2125 2111 τοῦ
2171 2067 2367 2131 στρα-

400 2185 463 2231 55
502 2162 631 2236 τοῦ,
729 2157 881 2222 ἔνθα
941 2151 1023 2228 ὡς
1097 2152 1375 2221 κοντάτοι
1431 2153 1587 2221 κατὰ
1652 2162 1758 2221 τοῦ
1816 2153 2000 2223 τόπου
2065 2156 2366 2244 ἐγχειρεῖν

502 2268 853 2354 ἐπιτηδείως
899 2263 970 2332 οὔ
1017 2262 1302 2332 δύνανται
1346 2268 1404 2331 οἱ
1447 2267 1685 2355 ἐχθροί.
1779 2268 1833 2332 εἰ
1863 2265 2073 2354 καιρὸς
2116 2268 2367 2354 γένηται

638 2451 724 2498 40.
765 2443 825 2499 οὐ
848 2444 943 2518 γὰρ
968 2446 1102 2498 πάνυ
1138 2444 1457 2516 φροντίζουσι
1484 2444 1659 2516 βίγλας
1683 2444 1719 2514 ἢ
1745 2451 1839 2515 τῆς
2063 2450 2283 2498 44—42.
2324 2447 2367 2499 L

502 2536 565 2583 95
617 2529 705 2582 ἐὰν
740 2529 798 2582 δέ
842 2546 973 2588 τινες
1004 2529 1096 2583 καὶ
1131 2530 1527 2604 σχηματίζονται
1566 2531 1751 2604 φυγήν,
1789 2530 2018 2590 εὐκόλως
2053 2529 2361 2595 διαλύονται,

498 2615 589 2669 καὶ
613 2616 660 2668 εἰ
684 2613 832 2685 ἄφνω
866 2614 977 2667 κατ’
1010 2614 1175 2668 αὐτῶν
1212 2615 1620 2687 ἀντιστρέψωσιν,
1656 2615 1882 2677 εὐκόλως
1918 2615 2102 2675 αὐτοὺς
2127 2612 2366 2686 διαφθεί-

503 2718 643 2771 ρωσι.
860 2704 942 2751 43.
971 2702 1010 2751 L
1035 2705 1099 2751 96
1127 2698 1415 2759 ἐπελεύσεις
1457 2699 1554 2755 ὑπὸ
1595 2699 1812 2762 τοξοτῶν
2024 2705 2107 2753 ΙιΙι.
2150 2698 2363 2759 αὐτούς·

502 2784 856 2856 διεσπαρμένοι
893 2785 989 2858 γὰρ
1037 2784 1413 2838 άπλικεύουσιν.
1656 2792 1909 2839 ·ΙιΙι-53.
1952 2789 1991 2838 L
2016 2788 2079 2838 97
2118 2784 2164 2838 εἰ
2200 2783 2257 2838 δέ
2289 2803 2365 2843 τις

501 2871 674 2930 αὐτοῖς
712 2869 1000 2942 ἐβουλεόθη
1038 2871 1162 2924 ποτὲ
1198 2870 1508 2940 προσβαλεῖν
1556 2869 1719 2930 οὕτως
1763 2870 2071 2940 εἰθισμένοις
2118 2870 2206 2923 καὶ
2253 2869 2366 2921 δια-

499 2957 775 3025 κειμένοις,
828 2955 922 3009 οὐκ
954 2954 1143 3027 ἔχρητο
1179 2951 1285 3009 κατ’
1316 2956 1483 3009 αὐτῶν
1522 2956 1575 3009 ἐν
1614 2957 1760 3030 μάχῃ
1798 2955 2022 3026 δημοσίᾳ
2068 2953 2360 3026 παρατάξει,

499 3041 589 3094 καὶ
613 3040 833 3112 μάλιστα
881 3041 940 3093 ἐκ
987 3040 1297 3110 προοιμίων·
1346 3035 1462 3093 ἀλλ’
1484 3040 1738 3101 εὐτάκτως
1787 3039 1846 3094 δι’
1873 3040 2245 3114 ἐγκρυμμάτων
2279 3040 2368 3092 καὶ

500 3125 702 3197 κλοπῆς
725 3119 837 3180 κατ’
874 3125 1039 3179 αὐτῶν
1077 3125 1389 3196 προσέβαλεν
1411 3128 1501 3180 καὶ
1537 3126 1620 3180 διὰ
1649 3126 1974 3198 σοφισμάτων
2011 3125 2183 3180 ἄλλων
2211 3142 2367 3196 στρα-

499 3218 744 3283 τηγικῶν,
788 3209 824 3280 ἢ
864 3210 948 3264 διὰ
972 3210 1292 3282 ὑπερθέσεως
1327 3218 1423 3284 τῆς
1450 3212 1642 3285 μάχης,
1684 3211 1934 3283 διασύρων
1967 3213 2055 3265 τὸν
2089 3210 2286 3280 καιρόν,
2326 3208 2363 3279 ἢ

497 3297 587 3350 καὶ
623 3296 872 3368 σύμφωνα
907 3295 1116 3367 εἰρήνης
1152 3297 1590 3371 σχηματιζόμενος
1624 3299 1749 3368 πρὸς
1785 3295 1986 3362 αὐτούς,
2026 3294 2364 3350 ἵνα-ἐλατ-

499 3384 659 3453 τώσῃ.
707 3382 712 3385 ’
849 3386 1073 3434 58-56.
1114 3383 1154 3434 L
1181 3384 1243 3433 98
1281 3381 1318 3450 ἡ
1358 3382 1416 3436 δὲ
1451 3381 1718 3453 ὑπέρθεσις
1750 3381 1838 3436 καὶ
1873 3381 1940 3435 τὰ
1975 3380 2108 3435 ἄλλα
2144 3380 2365 3451 μάλιστα

502 3465 711 3520 ἐδύνατο
755 3466 878 3536 πρὸς
922 3465 1103 3525 αὐτοὺς
1145 3465 1380 3538 γενέσθαι
1420 3467 1553 3533 τότε,
1596 3467 1713 3520 ὅταν
1760 3466 1847 3527 εἰς.
1881 3466 2231 3542 όχυρωτέρους
2275 3466 2365 3519 καὶ

502 3551 780 3622 δυσβάτους
798 3550 988 3611 τόπους
1005 3549 1277 3622 ὴπλίκευεν
1304 3550 1331 3603 ὁ
1357 3551 1603 3624 πολέμιος
1640 3552 1846 3607 ἐκείνων
1873 3552 2101 3623 στρατός,
2143 3549 2267 3605 ἔνθα
2291 3552 2365 3610 ὡς

504 3639 708 3709 ἔχοντες
731 3635 974 3707 κοντάρια
994 3635 1129 3689 κατὰ
1144 3664 1203 3676 -
1220 3634 1465 3706 ἠδύνατο.
