2717 4159
1096 323 1422 366 excurri.
1580 270 1587 281 .
2073 301 2193 363 149

349 495 729 575 Palmyrenis
793 495 995 556 victus
1060 498 1277 554 omnes
1349 510 1506 572 quos
1579 499 1907 573 paraverat
1970 491 2196 552 milites

347 604 638 686 perdidit,
693 604 956 668 Zenobia
1003 605 1385 685 Palmyrenis
1427 611 1488 664 et
1530 601 1932 664 orientalibus
1969 602 2195 682 pleris-

348 737 471 798 que
517 718 778 779 viriliter
821 719 1187 798 imperante.
1241 717 1402 800 inter
1444 714 1597 775 haec
1629 714 1890 794 Scythae
1918 732 2034 795 per
2061 713 2193 776 Eu-
2269 781 2286 801 ,

345 830 565 891 xinum
619 830 1017 910 naviganteS‚
1083 829 1355 890 Histrum
1422 827 1684 907 ingressi
1744 826 1935 887 multa
1981 828 2191 906 gravia

345 943 411 1002 in
456 941 584 1003 solo
614 941 885 1002 Romano
929 940 1229 1003 fecerunt.
1326 938 1556 1019 quibus
1601 940 1930 1018 compertis
1960 937 2189 999 Gallie-

346 1070 467 1114 nus
504 1050 906 1115 Cleodamum
952 1060 1014 1113 et
1054 1050 1442 1113 Athenaeum
1474 1050 1791 1130 Byzantios
1839 1050 2192 1111 instauran-

346 1161 443 1225 dis
487 1163 751 1225 urbibus
797 1145 1279 1242 muniendisque
1327 1161 1653 1242 praefecit‚
1719 1170 2188 1242 pugnatumque

343 1283 437 1336 est
478 1276 640 1336 circa
700 1276 959 1336 Pontum
1005 1283 1068 1336 et
1109 1294 1145 1336 a
1188 1274 1494 1353 Byzantiis
1547 1271 1814 1335 ducibus
1854 1272 2001 1333 victi
2045 1282 2193 1334 sunt

344 1385 611 1448 barbari.
723 1387 1069 1448 Veneriano
1118 1387 1274 1468 ⁴item
1320 1384 1479 1447 duce
1526 1384 1734 1446 navali
1790 1383 1953 1445 bello
2012 1383 2189 1445 Gothi

343 1498 695 1577 exsuperati
741 1505 905 1576 sunt,
958 1498 1267 1577 cumipse
1296 1497 1684 1559 Venerianus
1728 1496 1976 1557 militari
2025 1495 2190 1575 perit

342 1616 554 1669 morte.
650 1616 834 1688 atque
892 1606 1040 1670 inde
1100 1609 1385 1690 Cyzicum
1443 1617 1504 1670 et
1566 1606 1807 1686 Asiam,
1890 1604 2188 1686 deinceps

340 1718 634 1781 Achaiam
681 1739 927 1782 omnem
982 1729 1387 1784 vastaverunt
1446 1695 1507 1781 et
1561 1720 1640 1781 ab
1698 1717 2185 1780 Atheniensibus

341 1829 499 1892 duce
545 1832 822 1915 Dexippo
868 1834 1161 1913 scriptore
1204 1833 1425 1894 horum
1460 1841 1808 1912 temporum
1839 1831 1983 1892 victi
2012 1808 2179 1892 sunt.

338 1940 508 2004 unde
552 1943 716 2023 pulsi
760 1962 875 2024 per
916 1942 1174 2024 Epirum
1219 1938 1639 2005 Macedoniam
1685 1943 1990 2004 Boeotiam
2034 1959 2184 2022 per-

336 2055 539 2134 vagati
582 2062 748 2116 sunt.
843 2054 1192 2134 GallienUS‚
1254 2056 1491 2116 interea
1547 2056 1654 2115 vix
1721 2056 2018 2116 excitatus
2062 2072 2185 2133 pu-

334 2163 514 2226 blicis
572 2144 782 2245 malis,
836 2162 1046 2228 Gothis
1101 2165 1473 2247 vagantibus
1529 2185 1644 2247 per
1708 2165 2020 2245 Illyricum
2081 2184 2185 2227 oc-

336 2277 528 2337 currit
572 2285 633 2337 et
675 2276 911 2339 fortiter
953 2278 1252 2357 plurimos
1299 2279 1631 2339 interemit.
1704 2296 1826 2357 quo
1871 2285 2183 2357 comperto

334 2387 592 2468 Scythae
639 2387 794 2450 facta
851 2390 1167 2471 carragine
1210 2408 1325 2470 per
1368 2398 1641 2450 montem
1685 2388 2013 2451 Gessacem
2071 2387 2181 2450 fu-
2287 2393 2299 2403 ”

337 2516 481 2577 gere
549 2509 695 2560 sunt
738 2502 956 2562 conati.
1064 2521 1280 2564 omnes
1338 2500 1486 2562 inde
1533 2501 1791 2582 Scythas
1836 2502 2180 2562 Marcianus

336 2611 503 2671 varia
573 2610 875 2673 bellorum
950 2612 1189 2674 fortuna
1258 2658 2170 2674 .................

330 2740 491 2801 quae
538 2741 753 2785 omnes
798 2725 1056 2803 Scythas
1112 2722 1193 2785 ad
1248 2723 1650 2803 rebellionem
1698 2725 2062 2786 excitarunt.

467 2990 516 3037 6.
557 3001 855 3053 omnesque
883 2989 995 3051 BP,
1046 3003 1170 3041 corr
1204 3003 1340 3054 quos
1365 2990 1445 3042 1³².
1636 2995 1683 3041 8.
1726 2993 1987 3056 eupinum
2010 2990 2069 3040 B.

332 3075 412 3121 40.
454 3076 745 3139 cumpertis
958 3080 1039 3126 44.
1079 3077 1402 3128 cleodanum
1577 3081 1659 3127 44.
1693 3083 1774 3128 45.
1817 3074 2176 3141 gothesperati

327 3156 385 3219 B,
435 3159 778 3224 gothisperati
803 3162 861 3223 P,
900 3164 1135 3226 superati
1156 3162 1390 3224 [ecorum
1413 3160 1570 3214 mm.
1691 3163 1936 3214 militaris

327 3245 408 3292 49.
451 3244 857 3299 Machedoniam
917 3247 1220 3310 Salmasius,
1270 3251 1628 3301 acheuoniam
1672 3249 1912 3299 boetiam

324 3332 407 3378 22.
450 3328 659 3380 fortiter
698 3331 1153 3399 Eyssmhardtius,
1196 3335 1419 3391 fortuito
1652 3340 1734 3386 25.
1777 3337 2015 3385 lacunam
2038 3334 2175 3383 indi-

323 3418 457 3465 cavit
480 3416 782 3469 Salmasius.

2227 950 2289 995 40

2227 1509 2287 1554 45

2221 2065 2284 2110 20

2213 2623 2278 2668 25
