2717 4159
775 382 788 388 “
832 394 864 434 s
898 392 1077 435 numi
1107 392 1288 436 usius
1320 392 1546 436 v1-·-x1.
1994 376 2099 439 101

257 562 490 623 alitum
536 564 872 643 accipimus
916 580 1180 653 quarum
1196 565 1462 642 plumae
1492 565 1727 643 ignium
1759 561 1941 625 modo
1971 583 2120 626 con-

259 673 517 734 *luceant
562 673 867 735 noctibus.
949 676 1012 736 in
1053 676 1272 736 ceteris
1340 675 1496 736 nihil
1539 683 1785 754 praeter
1828 673 2118 737 nobilita-

269 793 396 843 tem
442 784 843 874 longiquitate
891 784 1109 847 factam
1154 784 1626 849 memorandum
1672 788 1954 847 occurrit.

278 893 406 975 (⁴4)
451 916 474 953 ,ι
514 942 526 954 .
572 942 586 954 .
636 895 825 957 aliubi
858 898 1028 957 enim
1057 897 1179 958 favi
1210 915 1350 958 cera
1382 896 1757 977 spectabiles
1781 900 2119 979 gignuntur

263 1014 341 1066 ut
397 1008 462 1066 in
520 1007 723 1067 Sicilia
786 1006 1114 1088 Paelignis,
1181 1006 1375 1070 aliubi
1442 1009 1615 1088 copia
1669 1008 1869 1069 mellis
1925 1018 1996 1071 ut
2052 1011 2115 1069 in

267 1116 454 1178 Creta
501 1116 703 1198 Cypro
744 1117 969 1196 Africa,
1022 1119 1214 1180 aliubi
1260 1118 1685 1199 magnitudine
1734 1130 1805 1180 ut
1862 1121 1927 1180 in
1970 1138 2119 1200 sep—

270 1228 783 1308 tentrionalibus,
849 1231 983 1291 viso
1043 1232 1164 1291 iam
1224 1231 1287 1290 in
1347 1230 1677 1291 Germania
1721 1240 1857 1291 octo
1884 1230 2116 1310 pedum

271 1338 679 1419 longitudinis
725 1340 862 1402 favo
908 1341 972 1401 in
1018 1360 1167 1402 cava
1213 1349 1385 1421 parte
1431 1343 1626 1421 nigro.

285 1448 407 1531 (18)
473 1459 621 1513 tunc
678 1450 916 1513 ostenta
959 1451 1193 1515 faciunt
1233 1450 1473 1532 prissata
1532 1470 1607 1513 ¹ac
1649 1450 1927 1532 publice,
1993 1472 2114 1514 uva

261 1560 669 1641 dependente
715 1564 779 1623 in
821 1562 1113 1627 domibus
1155 1564 1560 1644 templisque,
1627 1582 1812 1642 saepe
1871 1566 2117 1643 expiata

265 1675 517 1752 magnis
575 1675 905 1736 eventibus
940 1720 955 1734 .
997 1720 1012 1734 .
1055 1720 1068 1734 .
1127 1672 1358 1735 *sedere*
1405 1676 1470 1735 in
1512 1676 1728 1736 castris
1771 1675 1952 1741 Drusi
1998 1676 2119 1736 im-

273 1785 574 1863 peratoris
638 1804 781 1846 cum
821 1786 1236 1866 prosperrime
1289 1793 1646 1866 pugnatum
1691 1786 1860 1866 apud
1917 1786 2118 1848 Arba·

275 1896 481 1956 Ionem
561 1906 686 1974 est,
777 1897 926 1957 baut
983 1913 1295 1975 quaquam
1359 1905 1658 1977 perpetua
1720 1896 2115 1977 haruspicum

261 2007 628 2068 coniectura
658 2009 766 2087 qui
798 2006 1003 2068 dirum
1032 2005 1099 2069 id
1133 2008 1823 2069 ostentum‘existimant
1845 2025 2111 2088 semper.

283 2117 405 2198 (96)
455 2164 468 2178 .
512 2166 525 2178 .
568 2166 583 2179 .
639 2120 862 2180 mirum
909 2118 1207 2180 barbaras
1251 2127 1471 2201 gentes
1511 2137 1669 2199 quae
1715 2119 1871 2179 lacte
1901 2120 2123 2181 vivant

275 2229 558 2308 ignorare
634 2237 740 2291 aut
809 2248 1102 2310 spernere
1175 2238 1262 2291 tot
1329 2230 1595 2291 saeculis
1648 2230 1809 2291 casei
1883 2228 2110 2308 dotem,

276 2338 611 2402 densantes
653 2340 720 2402 id
763 2341 993 2421 alioqui
1039 2343 1106 2401 in
1136 2359 1379 2402 acorem
1410 2340 1753 2403 iucundum
1799 2349 1861 2401 et
1887 2342 2118 2421 pingue

273 2449 590 2532 butyrum.
669 2471 891 2532 spuma
937 2451 1002 2514 id
1048 2461 1143 2513 est
1186 2450 1340 2513 lacte
1385 2452 1720 2513 concretior
1776 2452 2118 2532 lentiorque

272 2580 462 2641 quam
508 2562 928 2642 quodserum
973 2573 1246 2625 vocatur.
1342 2578 1467 2624 non
1511 2561 1921 2624 omittendum
1952 2565 2017 2623 in
2047 2582 2119 2624 eo

261 2673 390 2734 -olei
435 2675 564 2737 vim
609 2694 745 2736 esse
808 2684 872 2737 et
927 2674 1223 2737 barbaros
1277 2692 1495 2736 omnes
1556 2672 1945 2754 infantesque
2005 2693 2121 2735 no-

260 2792 431 2846 stros
477 2787 559 2846 ita
603 2788 820 2866 ungui.

882 3049 906 3077 ,
982 2999 1022 3049 E
1064 2998 1247 3048 meno
1271 2998 1409 3049 xw.

279 3110 361 3191 (l)
420 3110 751 3172 Pomiterae
783 3109 1034 3171 arbores
1064 3128 1386 3190 quaequae
1417 3109 1761 3172 mitioribus
1812 3112 1977 3171 sucis
2011 3130 2121 3172 vo·

2157 838 2230 887 XI

2156 908 2218 956 33

2157 2134 2257 2184 239

2162 3127 2182 3178 l

267 3222 576 3302 luptatem
620 3224 857 3302 primae
902 3221 1057 3295 cibis
1099 3221 1441 3283 attulerunt
1483 3229 1543 3283 et
1598 3223 1945 3285 necessario
2005 3221 2121 3282 ali-
2174 3298 2189 3305 ,

231 3341 482 3399 ,mento
526 3332 777 3394 delicias
821 3335 1079 3395 miscere
1126 3331 1499 3408 docuerunt,
1565 3333 1698 3392 sive
1758 3333 1896 3395 illae
1962 3333 2120 3393 ultro

265 3504 498 3571 itineris*
520 3504 788 3567 dirigendi
824 3504 1215 3569 pmiactisque
1251 3516 1349 3567 per
1386 3502 1807 3566 opacu,callium
1856 3503 2118 3552 rat-ionem

262 3590 390 3639 viae
429 3590 782 3640 moderentur
815 3589 1019 3640 iudicio
1054 3589 1365 3653 plumarum
1400 3587 1801 3651 refulgentium.
1956 3628 1963 3635 .

412 3679 459 3735 4,
506 3679 553 3724 3.
597 3674 740 3725 ultro
767 3676 878 3725 sive
905 3675 972 3724 ab
996 3676 1204 3737 vulgata
1232 3676 1400 3733 lec-tio,
1443 3675 1553 3723 sive
1580 3675 1763 3723 delevit
1786 3673 2121 3735 Detlessonus.
