2717 4159
491 316 609 376 150
951 329 955 332 ⁴
1090 331 1397 375 nn‘nnuo
1446 331 1728 374 sov'rmco

807 657 903 706 EX
937 655 1287 705 TREBELBII
1325 656 1668 708 POLLIONIS
1703 655 2006 706 CLAVDIO.

416 809 446 862 1
614 793 850 854 bellum
924 793 1244 854 Gothicum
1318 811 1432 854 sua
1505 795 1727 856 virtute
1804 792 2084 855 confecit.

414 910 453 969 6
576 923 720 975 nam
764 912 834 966 ut
877 906 1165 985 superius
1210 903 1503 984 diximus,
1556 905 1842 986 *triginta
1871 905 1958 964 illi
1989 904 2188 982 Gothi,
2227 907 2335 984 qui

377 991 386 999 ⁷
449 1023 813 1103 *evaserant
857 1035 929 1077 eo
973 1025 1251 1096 tempore
1298 1035 1422 1097 quo
1469 1015 1605 1078 illos
1662 1017 2005 1078 Marcianus
2050 1025 2146 1077 est
2187 1034 2334 1097 per-

485 1135 751 1207 secutuS,
808 1145 1087 1207 quosque
1134 1125 1432 1189 Claudius
1478 1128 1673 1189 emitti
1720 1146 1845 1189 non
1891 1128 2123 1189 siverat
2167 1146 2244 1188 ne
2271 1125 2336 1188 id

485 1241 661 1301 fieret
704 1237 871 1319 quod
917 1239 1203 1301 effectum
1257 1248 1381 1317 est,
1437 1258 1652 1301 omnes
1698 1248 1913 1320 gentes
1958 1258 2211 1301 suorum
2257 1237 2337 1299 ad
2400 1293 2404 1298 .

417 1365 445 1410 5
485 1351 789 1413 Romanas
816 1352 1232 1413 incitaverunt
1273 1349 1559 1432 praedas.
1655 1349 1930 1432 denique
1971 1350 2338 1431 Scytharum

487 1461 719 1525 diversi
791 1462 1037 1542 populi,
1115 1464 1330 1543 Peuci,
1407 1462 1713 1543 Grutungi
1756 1460 2133 1543 Austorgoti,
2187 1462 2340 1522 Ter-

421 1616 430 1623 ·
484 1575 655 1655 vingi
699 1575 846 1653 visi,
900 1573 1204 1654 Gipede8‚
1260 1574 1468 1636 Celtae
1516 1575 1702 1635 etiam
1747 1582 1809 1635 et
1850 1572 2022 1635 Eruli
2066 1572 2336 1654 praedae

486 1684 818 1769 cupiditate
865 1687 931 1747 in
976 1687 1320 1748 Romanum
1368 1686 1566 1747 solum
1616 1672 1929 1747 venerunt
1982 1693 2167 1764 atque
2213 1684 2338 1745 illic

485 1798 785 1878 pleraque
829 1804 1179 1876 vastarunt,
1244 1796 1397 1859 dum
1443 1798 1580 1859 aliis
1624 1805 1957 1878 occupatus
2003 1805 2097 1858 est
2150 1795 2338 1857 Clau-

385 1923 449 1968 40
489 1907 632 1969 dius
662 1908 939 1988 dumque
965 1926 1032 1971 se
1070 1906 1150 1969 ad
1175 1908 1239 1971 id
1256 1908 1495 1972 bellum
1519 1907 1686 1988 quod
1715 1908 1977 1970 confecit
2004 1910 2340 1988 imperato-

483 2020 574 2080 rie
606 2020 877 2098 instruit,
926 2030 996 2081 ut
1022 2019 1356 2082 videantur
1400 2019 1523 2082 fata
1553 2021 1827 2095 Romana
1854 2018 2003 2080 honi
2037 2020 2339 2099 principis

486 2132 884 2211 occupatione
938 2132 1189 2194 lentata.
1296 2129 1410 2193 sed
1470 2130 1655 2194 credo
1714 2140 1785 2193 ut
1841 2129 2083 2194 Claudii
2149 2130 2339 2210 gloria

486 2240 873 2304 adcresceret
932 2244 1193 2323 eiusque
1260 2241 1438 2304 fieret
1502 2243 1816 2322 gloriosior
1892 2252 2016 2303 toto
2088 2243 2340 2322 penitus

485 2352 632 2414 orbe
677 2355 952 2415 victoria.
1064 2363 1441 2417 armatarum
1501 2352 1776 2435 denique
1852 2355 2131 2434 gentium
2204 2363 2336 2414 tre-

376 2476 451 2532 .7
491 2473 668 2526 centa
712 2467 931 2546 viginti
976 2466 1146 2528 milia
1185 2477 1335 2528 tunc
1378 2465 1574 2527 fuere.
1613 2501 1698 2511 —
1740 2473 1908 2527 extat
1958 2465 2155 2545 ipsius
2199 2466 2337 2545 epi-

486 2577 636 2638 stola
682 2577 871 2639 missa
917 2576 996 2639 ad
1042 2586 1345 2657 senatum,
1402 2576 1666 2658 legenda
1711 2576 1791 2639 ad
1835 2575 2157 2657 populum,
2212 2593 2335 2655 qua

484 2687 718 2750 indicat
763 2687 842 2750 de
887 2708 1146 2751 numero
1177 2688 1604 2750 barbarorum.
1647 2723 1722 2732 —
1772 2689 1883 2749 hos
1927 2689 2112 2768 igitur
2150 2686 2337 2748 Clau-

484 2798 628 2866 dius
671 2801 941 2880 ingenita
988 2802 1090 2862 illa
1137 2803 1365 2864 virtute
1412 2801 1747 2881 superavit,
1801 2799 1913 2861 hos
1965 2798 2145 2860 brevi
2175 2807 2336 2858 tem-

416 2930 445 2975 5
484 2931 631 2992 pore
677 2911 958 2990 adtrivit,
1014 2911 1092 2974 de
1123 2914 1218 2974 his
1264 2914 1373 2973 vix
1416 2913 1657 2992 aliquos
1701 2909 1781 2972 ad
1824 2910 2093 2991 patrium
2139 2909 2337 2971 solum

487 3021 689 3084 redire
736 3026 1031 3105 permisit.
1073 3060 1154 3070 —-

445 3280 459 3323 ¹
625 3294 672 3350 6,
718 3295 763 3338 4.
807 3290 1027 3353 triginta
1051 3290 1229 3340 delevit
1260 3288 1520 3340 Gruterus
1660 3286 1830 3349 gotthi
1856 3286 1914 3336 B.
2127 3289 2177 3335 2,
2218 3298 2339 3334 ma-

419 3426 420 3429 ,
484 3375 703 3424 arianus
727 3376 827 3436 BP,
880 3388 1003 3426 corr
1030 3374 1359 3427 casaubonus
1383 3380 1431 3425 et
1455 3374 1740 3425 Salmasius
1950 3375 1998 3422 3.
2054 3370 2110 3421 id
2136 3373 2335 3429 PetruS,

485 3460 620 3524 quid
824 3466 870 3511 5.
913 3462 1257 3511 incitaverint
1512 3464 1560 3509 6.
1602 3459 1846 3523 trutungi
1937 3457 2342 3520 uirtinguisigy-

486 3546 655 3610 pedes
898 3552 947 3596 8.
989 3546 1166 3597 solum
1201 3547 1257 3595 in
1291 3559 1410 3598 rem
1444 3545 1721 3610 publicam
1757 3544 1938 3594 delevit
1974 3543 2099 3593 haec
2136 3542 2343 3592 Salma-

485 3636 611 3683 sius.
818 3635 897 3682 44.
941 3635 1273 3683 armatorum
1290 3631 1347 3681 B.
1543 3634 1590 3691 7,
1632 3634 1683 3680 5.
1724 3630 1953 3695 patriam
1979 3628 2079 3688 BP,
2111 3641 2234 3678 corr
2256 3619 2338 3677 ΡΞ.
