2717 4159
568 286 650 349 38
1215 283 1493 350 conum
1539 306 1733 350 nem

571 476 852 538 satiatam
871 477 1345 538 conversatione
1396 476 1745 538 mortalium
1789 474 1973 537 deam
2014 473 2241 555 templo
2270 474 2426 538 red-

574 586 700 649 dam
766 607 911 649 mox
953 587 1311 650 vehiculum
1350 597 1417 649 et
1457 598 1665 650 vestes
1708 596 1788 668 et,
1841 588 1893 649 si
1935 585 2189 670 credere
2235 587 2442 665 velisf

472 710 534 756 20
573 718 809 760 numen
864 701 1072 779 ipsum
1129 708 1367 761 secreto
1420 700 1561 761 lacu
1612 699 1905 780 abluitur.
2010 699 2176 760 servi
2231 698 2428 760 mini-

570 818 786 889 strant,
840 829 995 891 quos
1038 812 1242 872 statim
1286 810 1456 872 idem
1498 812 1667 873 lacus
1698 812 1922 873 haurit.
1986 825 2250 872 arcanus
2278 810 2428 871 hinc

572 930 771 983 terror
813 932 1148 1001 sanctaque
1195 923 1555 1002 ignorantia,
1607 922 1760 1001 quid
1789 923 1870 984 sit
1895 921 2052 987 illud
2082 920 2249 1002 quod
2278 930 2426 982 tan-

571 1041 705 1095 tum
749 1013 1008 1113 perituri
1056 1032 1295 1096 vident.

470 1151 546 1207 41
701 1154 763 1206 et
818 1146 970 1207 haec
1034 1144 1291 1224 quidem
1363 1163 1509 1226 pars
1551 1128 1914 1207 'Sueborum
1970 1146 2036 1207 in
2096 1146 2422 1207 secretiora

570 1256 938 1319 Germaniae
981 1258 1334 1337 porrigitur.
1425 1258 1674 1337 propior
1725 1255 1841 1337 (ut,
1893 1256 2195 1336 quomodo
2237 1255 2430 1337 panio

573 1376 719 1430 ante
773 1369 1059 1430 Rhenum
1074 1415 1091 1447 ‚
1159 1369 1248 1429 sic
1299 1387 1468 1430 nunc
1522 1369 1874 1431 Danuvium
1944 1368 2190 1449 sequar)
2265 1370 2423 1429 Her-

576 1478 1028 1542 mundurorum
1058 1481 1295 1557 civitas,
1333 1478 1458 1541 fida
1487 1480 1809 1543 Romanis:
1861 1498 2060 1559 eoque
2091 1481 2237 1546 solis
2266 1480 2431 1541 Ger-—

511 1604 538 1648 5
577 1609 903 1653 manorum
960 1607 1086 1653 non
1146 1593 1213 1651 in
1277 1592 1412 1671 ripa
1471 1594 1942 1671 commercium,
1988 1592 2128 1680 'sed
2172 1594 2431 1672 penitus

572 1712 760 1782 atque
812 1705 878 1764 in
921 1701 1424 1784 splendidissima
1470 1703 1717 1765 Raetiae
1761 1691 2118 1783 provinciae
2160 1704 2418 1765 colonia.

572 1815 806 1894 passim
849 1816 985 1876 sine
1030 1813 1286 1877 custode
1329 1822 1687 1891 transeunt3
1739 1826 1802 1875 et
1845 1831 1992 1877 cum
2018 1815 2237 1877 ceteris
2266 1834 2429 1896 gen-—

573 1926 741 1988 tibus
784 1945 955 1988 arma
1000 1925 1181 1987 modo
1227 1934 1548 2006 castraque
1593 1934 1797 1988 nestra
1842 1926 2271 2006 ostendamuS,
2309 1928 2430 1990 his

572 2037 788 2100 domos
850 2038 1157 2117 villasque.
1195 2037 1599 2117 patefecimus
1644 2057 1770 2099 non
1821 2039 2423 2119 concupiscentibus.

478 2159 537 2205 4ο
577 2151 642 2210 in
688 2148 1141 2211 Hermunduris
1198 2148 1373 2210 Albis
1437 2149 1659 2228 oritur,
1725 2149 1960 2211 flumen
2018 2151 2299 2213 inolitum
2366 2161 2434 2213 et

576 2270 789 2324 notum
837 2261 1022 2338 olim3
1076 2280 1246 2322 nunc
1288 2269 1528 2323 tantum
1575 2259 1844 2323 auditur.

473 2379 557 2435 4²
703 2375 873 2435 iuxta
917 2372 1386 2434 Hermunduros
1415 2373 1638 2434 Varisti
1683 2391 1756 2433 ac
1800 2372 2028 2434 deinde
2056 2375 2428 2436 Marcomani

727 2549 808 2595 48.
849 2546 1043 2595 satiata
1072 2545 1125 2595 C.
1305 2548 1391 2594 20.
1432 2558 1628 2595 nomen
1653 2516 1699 2595 ὁ.
1805 2546 1900 2595 Sui
1931 2546 1983 2606 C,
2029 2547 2173 2595 servi
2196 2546 2316 2597 Bbc.

575 2635 659 2679 8⁴.
700 2631 861 2682 aurit.
889 2631 1158 2681 archanus
1186 2631 1237 2682 C.
1487 2633 1570 2681 22.
1612 2630 1747 2680 illud
1783 2630 1931 2694 quod
1957 2631 2078 2693 Bbc,
2119 2632 2175 2681 id
2211 2646 2264 2695 q;
2299 2632 2356 2683 G.

713 2719 798 2777 kt,
839 2720 887 2765 4.
927 2730 1057 2782 pars
1089 2716 1388 2793 uerborum
1425 2716 1585 2777 Boeo,
1634 2717 2177 2767 correxitflhmnus.

577 2825 627 2870 2.
667 2821 944 2885 porrigere
969 2834 1012 2870 c.
1111 2779 1328 2885 proliiiir
1350 2821 1413 2881 B,
1452 2821 1701 2885 proprior
1723 2834 1767 2870 c.
1935 2824 1983 2870 3.
2027 2834 2171 2869 nunc
2195 2834 2278 2870 om
2302 2822 2350 2870 b.

574 2906 898 2958 Danuuium
921 2906 1023 2966 Bc,
1064 2905 1365 2956 danubium
1390 2906 1463 2956 bc.
1588 2906 2050 2958 Hermodurorum
2081 2919 2167 2968 pr.
2196 2908 2246 2959 C.

575 2996 626 3041 4.
668 2991 1031 3041 Hermunduri
1078 2996 1132 3043 in
1178 2995 1418 3056 mammo
1457 2990 1515 3060 ⁴3.
1646 3005 1819 3055 eaque
1862 3005 1905 3043 c.
2036 2991 2158 3042 folis
2206 2993 2257 3044 G.

575 3082 627 3130 ὃ.
667 3074 925 3130 comertifi
950 3079 1037 3138 Bc,
1077 3079 1404 3128 comertium
1435 3078 1487 3129 C.
1595 3078 1847 3142 poenitus
1871 3092 1915 3128 c.
2093 3083 2143 3128 6.
2185 3078 2333 3129 Retie
2357 3081 2426 3138 B,

575 3165 711 3228 retie
741 3165 825 3225 Ge,
863 3164 1037 3226 rhetie
1061 3164 1108 3214 b.
1216 3165 1418 3228 passim
1443 3165 1560 3213 sine
1584 3164 1675 3223 Bb,
1714 3164 1917 3227 passim
1941 3167 1996 3214 et
2019 3165 2137 3214 sine
2168 3164 2247 3216 Ge.

577 3273 625 3319 8.
655 3258 922 3318 (fidamus
947 3267 998 3329 (f.
1032 3280 1076 3317 ο.
1105 3266 1475 3329 ostendamus)
1501 3267 1562 3328 B,
1614 3266 1915 3317 offedamus
1944 3267 2011 3318 G‘t
2079 3267 2182 3317 hiis
2214 3267 2264 3318 C.

576 3358 625 3403 9.
666 3354 911 3417 vilesque
934 3366 979 3402 c.
1140 3391 1145 3396 .
1201 3357 1284 3402 Δο.
1326 3352 1744 3403 Hermumduris
1766 3366 1809 3402 c.
1970 3352 2234 3416 inclytum
2259 3354 2351 3403 Bb.

714 3442 797 3499 42,
842 3441 890 3489 4.
929 3439 1073 3488 iusta
1092 3438 1139 3488 b.
1215 3438 1637 3489 hermumduros
1655 3438 1707 3490 C'.
1806 3437 2006 3489 Naristi
2025 3439 2128 3488 Bbc
2144 3438 2424 3502 Hauptc'us,

573 3524 782 3576 Narisci
812 3528 870 3575 in
902 3528 1138 3587 maraine
1160 3522 1220 3592 β,
1270 3525 1478 3575 maristi
1519 3525 1579 3577 C.
1700 3520 2030 3575 marcomaffi
2073 3509 2144 3587 pr
2177 3530 2237 3575 ut
2280 3526 2431 3574 vide-

445 3608 453 3616 ’
549 3615 666 3661 ,ταν
689 3610 735 3673 b,
777 3613 833 3661 in
855 3614 1093 3675 margine
1118 3611 1446 3662 Marcomani
1476 3606 1524 3677 β.
