2717 4159
790 286 823 326 B
856 283 1139 327 rouromi
1170 283 1360 325 11³1.st
1395 280 1568 324 uano
1601 281 1689 322 111.
2068 260 2150 323 83

315 474 455 517 rum
516 455 846 535 accipitur,
919 470 1228 533 nusquam
1302 452 1422 513 late
1487 460 1656 531 patet
1708 470 1827 512 nee
1889 468 2155 531 usquam

311 567 470 629 mari
514 567 735 645 simile,
787 583 1008 654 verum
1052 565 1230 643 aquis
1269 565 1504 643 passim
1545 561 2041 626 interfluentibus
2084 584 2157 625 ae
2193 577 2221 621 5

312 697 499 758 saepe
544 679 941 758 transgressis
985 695 1212 756 vagum
1257 684 1442 754 atque
1488 674 1780 736 diffusum
1820 674 1979 736 faeie
2024 694 2158 737 am·-

314 793 488 851 nium
534 789 870 869 spargitur:
925 806 1049 867 qua
1091 787 1266 848 litora
1294 785 1577 866 adtingit,
1625 787 1775 865 ripis
1803 794 2157 849 contentum

315 900 661 963 insularum
704 918 830 961 non
871 900 1049 979 longe
1094 897 1502 976 distantibuS,
1578 906 1640 958 et
1681 896 1913 976 ubique
1956 915 2157 977 paene
2254 898 2259 903 ’

315 1011 735 1089 tantumdem,
803 1011 851 1071 it
908 1019 1238 1091 angustum
1298 1019 1360 1070 et
1414 1028 1529 1088 par
1572 1008 1724 1071 freto
1768 1026 2156 1088 curvansque

316 1143 382 1184 se
442 1122 709 1184 subinde
767 1122 947 1202 longo
1001 1121 1328 1202 supercilio
1382 1119 1680 1181 inflexum
1742 1130 1855 1185 est.
1959 1123 2025 1183 in
2085 1141 2156 1182 eo
2196 1134 2257 1180 32

313 1243 460 1295 sunt
518 1234 753 1295 Cimbri
810 1242 871 1293 et
924 1234 1215 1311 Teutoni,
1292 1232 1451 1293 ultra
1522 1232 1724 1292 ultimi
1795 1232 2158 1293 Germaniae

316 1332 743 1407 Herminones.

446 1451 746 1514 Sarmatia
779 1453 948 1513 intus
976 1469 1164 1530 quam
1193 1450 1274 1512 ad
1303 1469 1473 1511 mare
1517 1451 1709 1529 latior,
1762 1451 1842 1512 ab
1872 1453 1966 1513 his
2000 1469 2159 1531 quae
2197 1465 2253 1519 4.
2279 1474 2340 1519 33

297 1573 614 1626 secuntur
692 1552 930 1626 >Vistula
1002 1580 1185 1623 amne
1244 1562 1543 1640 discreta,
1611 1580 1735 1641 qua
1803 1571 1962 1624 retro
2035 1563 2163 1624 abit

321 1693 523 1755 usque
583 1674 662 1736 ad
708 1676 980 1739 Histrum
1024 1673 1257 1736 flumen
1302 1674 1648 1734 inmittitur.
1742 1692 1897 1753 gens
1949 1674 2162 1737 habitu

320 1787 631 1866 armisque
677 1786 985 1847 Parthicae
1029 1786 1343 1865 proxima,
1408 1803 1630 1846 verum
1673 1794 1742 1846 ut
1784 1786 1936 1847 oaeli
1980 1804 2163 1866 aspe-

319 1899 497 1959 rioris
543 1899 626 1959 ita
670 1869 923 1977 ingenii.
988 1915 1111 1957 non
1156 1915 1222 1959 se
1266 1896 1531 1958 urbibus
1560 1905 1775 1957 tenent
1817 1905 1879 1958 et
1920 1916 2001 1958 ne
2038 1906 2164 1960 sta·-
2201 1917 2260 1963 3⁴

321 2011 399 2070 tis
444 2008 699 2088 quidem
744 2007 1021 2069 sedibus.
1100 2017 1170 2069 ut
1213 2010 1559 2070 invitavere
1614 2007 1864 2088 pabula,
1932 2017 2000 2070 ut
2056 2028 2163 2070 oe-

323 2120 502 2199 deffi,
556 2129 625 2180 ut
668 2137 940 2198 sequens
981 2119 1172 2181 hostis
1214 2120 1433 2201 exegit,
1486 2122 1567 2182 ita
1613 2138 1713 2181 res
1754 2138 2030 2201 opesque
2062 2139 2164 2182 se-

321 2251 463 2293 cum
534 2231 785 2293 trahens
853 2249 1106 2311 semper
1177 2239 1374 2293 eastra
1446 2232 1723 2293 habitant
1753 2278 1767 2310 ,
1856 2231 2154 2311 bellatrix,

235 2364 244 2369 “
323 2343 549 2420 libera,
619 2340 914 2403 indomita
970 2351 1031 2403 et
1086 2360 1287 2422 usque
1333 2362 1404 2402 eo
1452 2344 1721 2404 inmanis
1764 2352 1951 2422 atque
1993 2352 2165 2405 atrox
2202 2365 2230 2409 5

324 2463 393 2515 ut
436 2453 703 2514 feminae
748 2454 930 2514 etiam
975 2452 1139 2514 bella
1184 2473 1325 2514 eum
1368 2454 1520 2514 viris
1562 2455 1805 2532 ineant3
1870 2464 2053 2534 atque
2097 2465 2167 2516 ut

326 2564 562 2626 habiles
606 2566 759 2643 sint,
814 2566 972 2629 natis
1015 2565 1218 2626 statim
1265 2564 1483 2626 dextra
1527 2565 1809 2627 aduritur
1860 2586 2156 2628 mamma:

329 2675 474 2737 inde
521 2673 810 2755 expedita
868 2677 933 2736 in
993 2675 1149 2737 ictus
1210 2695 1402 2738 manu
1445 2694 1606 2755 quae
1661 2679 1935 2739 exeritur
1987 2679 2164 2739 virile

327 2787 394 2848 fit
436 2796 673 2867 peetus.
751 2804 933 2848 arcus
975 2786 1251 2866 tendere,
1305 2788 1612 2867 equitare,
1663 2791 1881 2851 venari
1922 2790 2166 2869 puelia—-
2203 2813 2264 2857 35

466 2996 515 3041 7.
567 2994 855 3042 contentus
890 2993 997 3054 Ax,
1051 3005 1172 3042 corr
1213 2994 1433 3044 Vossius.
1670 2999 1718 3048 9.
1764 2966 2068 3061 curansque
2103 2999 2164 3058 A,

327 3090 633 3141 curansque
661 3080 765 3128 alii.
1036 3084 1118 3139 32,
1159 3083 1208 3128 2.
1252 3079 1411 3128 imbri
1437 3081 1532 3131 Ax.
1655 3082 1862 3130 tautoni
1887 3083 1996 3142 Ax,
2050 3096 2170 3133 corr

329 3178 427 3213 non
452 3164 597 3214 nulli.
833 3166 881 3212 3.
925 3164 1227 3213 hermiones
1255 3165 1351 3214 Ax.
2041 3197 2047 3203 -

469 3253 551 3308 33,
593 3254 640 3299 2.
684 3248 815 3299 abiit
849 3250 946 3299 Ax.
1195 3254 1243 3298 3.
1283 3250 1510 3298 inmittit
1532 3252 1630 3302 Αω.
1753 3252 1873 3302 laus
1908 3256 2168 3302 sarmata-

332 3347 454 3382 rum
480 3347 666 3398 maryo
691 3336 745 3384 Α.
971 3338 1055 3395 34,
1097 3339 1147 3384 Ιι.
1188 3335 1551 3387 habitantAoe.
1778 3342 1828 3388 7.
1869 3342 1917 3387 8.
1957 3351 2169 3387 amazo-

333 3418 493 3468 nibus
531 3420 619 3467 uri
656 3419 930 3470 dexteram
966 3434 1256 3470 mammam
1293 3436 1478 3485 mar-90
1515 3424 1569 3472 Α.
1750 3426 1797 3471 8.
1840 3435 2031 3473 manus
2067 3423 2165 3487 Ax,

333 3517 451 3554 corr
483 3505 756 3556 Vadianus.
1002 3510 1085 3566 35,
1125 3511 1173 3557 4.
1213 3508 1474 3573 puellaria
1510 3521 1673 3572 pensa
1707 3507 1850 3572 apud
1886 3522 2170 3559 amazones

335 3603 519 3655 mar-90
540 3589 595 3641 Δ.

1893 3695 1967 3745 6*
