<?xml version="1.0" encoding="UTF-8"?>
<!DOCTYPE html PUBLIC "-//W3C//DTD XHTML 1.0 Transitional//EN"
    "http://www.w3.org/TR/xhtml1/DTD/xhtml1-transitional.dtd">
<html xmlns="http://www.w3.org/1999/xhtml" xml:lang="en" lang="en">
 <head>
  <title>
</title>
<meta http-equiv="Content-Type" content="text/html;charset=utf-8" />
  <meta name='ocr-system' content='tesseract 3.04.00' />
  <meta name='ocr-capabilities' content='ocr_page ocr_carea ocr_par ocr_line ocrx_word'/>
</head>
<body>
  <div class='ocr_page' id='page_1' title='image "./germaniaantiqva00mlgoog_0152.png"; bbox 0 0 2717 4159; ppageno 0'>
   <div class='ocr_carea' id='block_1_1' title="bbox 534 341 1765 404">
    <p class='ocr_par' dir='ltr' id='par_1_1' title="bbox 534 341 1765 404">
     <span class='ocr_line' id='line_1_1' title="bbox 534 341 1765 404; baseline 0 -1"><span class='ocrx_word' id='word_1_1' title='bbox 534 341 653 403; x_wconf 84' lang='lat'>148</span> <span class='ocrx_word' id='word_1_2' title='bbox 1128 362 1202 402; x_wconf 72' lang='lat' dir='ltr'>nn</span> <span class='ocrx_word' id='word_1_3' title='bbox 1250 361 1439 404; x_wconf 69' lang='lat' dir='ltr'>anuo</span> <span class='ocrx_word' id='word_1_4' title='bbox 1486 361 1765 403; x_wconf 66' lang='lat' dir='ltr'>sevrmco</span> 
     </span>
    </p>
   </div>
   <div class='ocr_carea' id='block_1_2' title="bbox 415 527 2378 1615">
    <p class='ocr_par' dir='ltr' id='par_1_2' title="bbox 415 527 2378 1615">
     <span class='ocr_line' id='line_1_2' title="bbox 528 527 2378 611; baseline 0.001 -19"><span class='ocrx_word' id='word_1_5' title='bbox 528 527 846 611; x_wconf 84' lang='lat' dir='ltr'>Augustus</span> <span class='ocrx_word' id='word_1_6' title='bbox 888 530 969 592; x_wconf 89' lang='lat' dir='ltr'>ab</span> <span class='ocrx_word' id='word_1_7' title='bbox 1014 533 1292 592; x_wconf 88' lang='lat' dir='ltr'>exercitu</span> <span class='ocrx_word' id='word_1_8' title='bbox 1337 531 1684 611; x_wconf 91' lang='lat' dir='ltr'>appellatus</span> <span class='ocrx_word' id='word_1_9' title='bbox 1728 539 1825 593; x_wconf 91' lang='lat' dir='ltr'>est</span> <span class='ocrx_word' id='word_1_10' title='bbox 1866 550 2007 593; x_wconf 90' lang='lat' dir='ltr'>cum</span> <span class='ocrx_word' id='word_1_11' title='bbox 2052 529 2174 593; x_wconf 87' lang='lat' dir='ltr'>filio</span> <span class='ocrx_word' id='word_1_12' title='bbox 2221 530 2378 593; x_wconf 86' lang='lat' dir='ltr'>sihi-</span> 
     </span>
     <span class='ocr_line' id='line_1_3' title="bbox 529 642 1437 723; baseline 0.001 -21"><span class='ocrx_word' id='word_1_13' title='bbox 529 653 655 704; x_wconf 89' lang='lat' dir='ltr'>met</span> <span class='ocrx_word' id='word_1_14' title='bbox 699 643 761 703; x_wconf 91' lang='lat' dir='ltr'>in</span> <span class='ocrx_word' id='word_1_15' title='bbox 803 643 1231 723; x_wconf 88' lang='lat' dir='ltr'>participatum</span> <span class='ocrx_word' id='word_1_16' title='bbox 1274 642 1437 705; x_wconf 79' lang='lat' dir='ltr'>dato.</span> 
     </span>
     <span class='ocr_line' id='line_1_4' title="bbox 415 752 2376 843; baseline 0 -28"><span class='ocrx_word' id='word_1_17' title='bbox 415 759 544 843; x_wconf 63' lang='lat'>¹³.‚·</span> <span class='ocrx_word' id='word_1_18' title='bbox 593 800 606 813; x_wconf 92' lang='lat'><strong>.</strong></span> <span class='ocrx_word' id='word_1_19' title='bbox 649 800 661 813; x_wconf 89' lang='lat'><strong>.</strong></span> <span class='ocrx_word' id='word_1_20' title='bbox 711 763 926 833; x_wconf 88' lang='lat' dir='ltr'>pacata</span> <span class='ocrx_word' id='word_1_21' title='bbox 971 755 1298 816; x_wconf 83' lang='lat' dir='ltr'>Germania</span> <span class='ocrx_word' id='word_1_22' title='bbox 1344 752 1641 817; x_wconf 87' lang='lat' dir='ltr'>Sirmiu&#39;m</span> <span class='ocrx_word' id='word_1_23' title='bbox 1674 754 1877 832; x_wconf 64' lang='lat' dir='ltr'>venit,</span> <span class='ocrx_word' id='word_1_24' title='bbox 1933 754 2230 817; x_wconf 86' lang='lat' dir='ltr'>Sarmatis</span> <span class='ocrx_word' id='word_1_25' title='bbox 2272 754 2376 815; x_wconf 90' lang='lat' dir='ltr'>in-</span> 
     </span>
     <span class='ocr_line' id='line_1_5' title="bbox 524 864 2375 946; baseline 0 -20"><span class='ocrx_word' id='word_1_26' title='bbox 524 866 686 926; x_wconf 84' lang='lat' dir='ltr'>ferre</span> <span class='ocrx_word' id='word_1_27' title='bbox 730 864 965 928; x_wconf 84' lang='lat' dir='ltr'>bellum</span> <span class='ocrx_word' id='word_1_28' title='bbox 1008 885 1238 946; x_wconf 83' lang='lat' dir='ltr'>parans</span> <span class='ocrx_word' id='word_1_29' title='bbox 1281 874 1465 945; x_wconf 79' lang='lat' dir='ltr'>atque</span> <span class='ocrx_word' id='word_1_30' title='bbox 1511 868 1715 928; x_wconf 88' lang='lat' dir='ltr'>animo</span> <span class='ocrx_word' id='word_1_31' title='bbox 1757 866 2131 945; x_wconf 89' lang='lat' dir='ltr'>concupiens</span> <span class='ocrx_word' id='word_1_32' title='bbox 2175 883 2375 944; x_wconf 90' lang='lat' dir='ltr'>usque</span> 
     </span>
     <span class='ocr_line' id='line_1_6' title="bbox 523 973 2376 1057; baseline -0.001 -19"><span class='ocrx_word' id='word_1_33' title='bbox 523 975 605 1038; x_wconf 90' lang='lat' dir='ltr'>ad</span> <span class='ocrx_word' id='word_1_34' title='bbox 660 977 976 1038; x_wconf 80' lang='lat' dir='ltr'>Oceanum</span> <span class='ocrx_word' id='word_1_35' title='bbox 1019 978 1531 1057; x_wconf 79' lang='lat' dir='ltr'>septentrionales</span> <span class='ocrx_word' id='word_1_36' title='bbox 1575 984 1783 1057; x_wconf 81' lang='lat' dir='ltr'>partes</span> <span class='ocrx_word' id='word_1_37' title='bbox 1810 978 1875 1037; x_wconf 93' lang='lat' dir='ltr'>in</span> <span class='ocrx_word' id='word_1_38' title='bbox 1906 977 2245 1038; x_wconf 79' lang='lat' dir='ltr'>Romanam</span> <span class='ocrx_word' id='word_1_39' title='bbox 2274 973 2376 1036; x_wconf 93' lang='lat' dir='ltr'>di-</span> 
     </span>
     <span class='ocr_line' id='line_1_7' title="bbox 525 1087 2375 1170; baseline -0.001 -21"><span class='ocrx_word' id='word_1_40' title='bbox 525 1089 766 1149; x_wconf 89' lang='lat' dir='ltr'>cionem</span> <span class='ocrx_word' id='word_1_41' title='bbox 810 1087 1129 1170; x_wconf 82' lang='lat' dir='ltr'>redigere3</span> <span class='ocrx_word' id='word_1_42' title='bbox 1183 1087 1351 1169; x_wconf 91' lang='lat' dir='ltr'>quod</span> <span class='ocrx_word' id='word_1_43' title='bbox 1396 1088 1642 1150; x_wconf 75' lang='lat' dir='ltr'><strong>fecisset</strong></span> <span class='ocrx_word' id='word_1_44' title='bbox 1684 1090 1735 1150; x_wconf 92' lang='lat' dir='ltr'>si</span> <span class='ocrx_word' id='word_1_45' title='bbox 1780 1089 2069 1165; x_wconf 85' lang='lat' dir='ltr'>vixisset,</span> <span class='ocrx_word' id='word_1_46' title='bbox 2135 1095 2207 1148; x_wconf 93' lang='lat' dir='ltr'>ut</span> <span class='ocrx_word' id='word_1_47' title='bbox 2250 1087 2375 1148; x_wconf 86' lang='lat' dir='ltr'>He—</span> 
     </span>
     <span class='ocr_line' id='line_1_8' title="bbox 458 1198 2370 1287; baseline -0.003 -23"><span class='ocrx_word' id='word_1_48' title='bbox 458 1218 487 1264; x_wconf 77' lang='lat'>5</span> <span class='ocrx_word' id='word_1_49' title='bbox 524 1199 820 1262; x_wconf 85' lang='lat' dir='ltr'>rodianus</span> <span class='ocrx_word' id='word_1_50' title='bbox 875 1199 1024 1262; x_wconf 87' lang='lat' dir='ltr'>dicit</span> <span class='ocrx_word' id='word_1_51' title='bbox 1082 1200 1354 1263; x_wconf 88' lang='lat' dir='ltr'>Graecus</span> <span class='ocrx_word' id='word_1_52' title='bbox 1413 1202 1702 1282; x_wconf 78' lang='lat' dir='ltr'>scriptor,</span> <span class='ocrx_word' id='word_1_53' title='bbox 1777 1200 1883 1279; x_wconf 90' lang='lat' dir='ltr'>qui</span> <span class='ocrx_word' id='word_1_54' title='bbox 1943 1198 2002 1260; x_wconf 88' lang='lat' dir='ltr'>ei</span> <span class='ocrx_word' id='word_1_55' title='bbox 2068 1207 2370 1287; x_wconf 90' lang='lat' dir='ltr'>quantum</span> 
     </span>
     <span class='ocr_line' id='line_1_9' title="bbox 521 1307 2372 1391; baseline -0.003 -16"><span class='ocrx_word' id='word_1_56' title='bbox 521 1311 813 1375; x_wconf 77' lang='lat' dir='ltr'>videmus</span> <span class='ocrx_word' id='word_1_57' title='bbox 857 1314 923 1373; x_wconf 91' lang='lat' dir='ltr'>in</span> <span class='ocrx_word' id='word_1_58' title='bbox 967 1311 1178 1374; x_wconf 92' lang='lat' dir='ltr'>odium</span> <span class='ocrx_word' id='word_1_59' title='bbox 1224 1311 1565 1374; x_wconf 81' lang='lat' dir='ltr'>Alexandri</span> <span class='ocrx_word' id='word_1_60' title='bbox 1608 1311 1948 1391; x_wconf 84' lang='lat' dir='ltr'>plurimum</span> <span class='ocrx_word' id='word_1_61' title='bbox 1991 1309 2195 1372; x_wconf 86' lang='lat' dir='ltr'>favit.·</span> <span class='ocrx_word' id='word_1_62' title='bbox 2256 1307 2372 1372; x_wconf 86' lang='lat' dir='ltr'>sed</span> 
     </span>
     <span class='ocr_line' id='line_1_10' title="bbox 523 1422 2361 1503; baseline -0.001 -19"><span class='ocrx_word' id='word_1_63' title='bbox 523 1442 664 1485; x_wconf 91' lang='lat' dir='ltr'>cum</span> <span class='ocrx_word' id='word_1_64' title='bbox 710 1425 968 1487; x_wconf 87' lang='lat' dir='ltr'>Romani</span> <span class='ocrx_word' id='word_1_65' title='bbox 1015 1425 1150 1486; x_wconf 91' lang='lat' dir='ltr'>eius</span> <span class='ocrx_word' id='word_1_66' title='bbox 1194 1422 1622 1486; x_wconf 80' lang='lat' dir='ltr'>crudelitatem</span> <span class='ocrx_word' id='word_1_67' title='bbox 1687 1422 1848 1483; x_wconf 85' lang='lat' dir='ltr'>ferre</span> <span class='ocrx_word' id='word_1_68' title='bbox 1905 1441 2031 1483; x_wconf 91' lang='lat' dir='ltr'>non</span> <span class='ocrx_word' id='word_1_69' title='bbox 2086 1428 2361 1503; x_wconf 82' lang='lat' dir='ltr'>possent,</span> 
     </span>
     <span class='ocr_line' id='line_1_11' title="bbox 520 1534 1862 1615; baseline 0 -19"><span class='ocrx_word' id='word_1_70' title='bbox 520 1568 606 1581; x_wconf 87' lang='lat'>--</span> <span class='ocrx_word' id='word_1_71' title='bbox 650 1543 859 1597; x_wconf 88' lang='lat' dir='ltr'>contra</span> <span class='ocrx_word' id='word_1_72' title='bbox 904 1554 1047 1597; x_wconf 92' lang='lat' dir='ltr'>eum</span> <span class='ocrx_word' id='word_1_73' title='bbox 1092 1534 1501 1597; x_wconf 88' lang='lat' dir='ltr'>defectionem</span> <span class='ocrx_word' id='word_1_74' title='bbox 1545 1543 1862 1615; x_wconf 85' lang='lat' dir='ltr'>pararunt.</span> 
     </span>
    </p>
   </div>
   <div class='ocr_carea' id='block_1_3' title="bbox 850 1710 2034 1795">
    <p class='ocr_par' dir='ltr' id='par_1_3' title="bbox 850 1710 2034 1795">
     <span class='ocr_line' id='line_1_12' title="bbox 850 1710 2034 1795; baseline 0 -6"><span class='ocrx_word' id='word_1_75' title='bbox 850 1739 946 1790; x_wconf 80' lang='lat' dir='ltr'>Ex</span> <span class='ocrx_word' id='word_1_76' title='bbox 982 1739 1278 1791; x_wconf 76' lang='lat' dir='ltr'>mvsnEM</span> <span class='ocrx_word' id='word_1_77' title='bbox 1313 1741 1575 1795; x_wconf 77' lang='lat' dir='ltr'>MAXIMO</span> <span class='ocrx_word' id='word_1_78' title='bbox 1612 1741 1699 1792; x_wconf 85' lang='lat' dir='ltr'>ET</span> <span class='ocrx_word' id='word_1_79' title='bbox 1732 1710 2034 1793; x_wconf 76' lang='lat' dir='ltr'><strong>BALBINO.</strong></span> 
     </span>
    </p>
   </div>
   <div class='ocr_carea' id='block_1_4' title="bbox 406 1859 2370 2256">
    <p class='ocr_par' dir='ltr' id='par_1_4' title="bbox 406 1859 2370 2256">
     <span class='ocr_line' id='line_1_13' title="bbox 406 1859 2362 1941; baseline -0.001 -21"><span class='ocrx_word' id='word_1_80' title='bbox 406 1864 488 1921; x_wconf 80' lang='grc'>16</span> <span class='ocrx_word' id='word_1_81' title='bbox 519 1859 641 1921; x_wconf 84' lang='lat' dir='ltr'>sub</span> <span class='ocrx_word' id='word_1_82' title='bbox 715 1860 810 1920; x_wconf 92' lang='lat' dir='ltr'>his</span> <span class='ocrx_word' id='word_1_83' title='bbox 882 1868 1225 1941; x_wconf 77' lang='lat' dir='ltr'>pugnatum</span> <span class='ocrx_word' id='word_1_84' title='bbox 1292 1869 1386 1923; x_wconf 90' lang='lat' dir='ltr'>est</span> <span class='ocrx_word' id='word_1_85' title='bbox 1457 1880 1492 1922; x_wconf 91' lang='lat' dir='ltr'>a</span> <span class='ocrx_word' id='word_1_86' title='bbox 1557 1860 1774 1941; x_wconf 80' lang='lat' dir='ltr'>Carpis</span> <span class='ocrx_word' id='word_1_87' title='bbox 1828 1868 2041 1923; x_wconf 80' lang='lat' dir='ltr'>contra</span> <span class='ocrx_word' id='word_1_88' title='bbox 2105 1861 2362 1921; x_wconf 70' lang='lat' dir='ltr'>Moesos</span> 
     </span>
     <span class='ocr_line' id='line_1_14' title="bbox 519 1969 2368 2051; baseline -0.001 -19"><span class='ocrx_word' id='word_1_89' title='bbox 519 1969 635 2032; x_wconf 80' lang='lat' dir='ltr'>fuit</span> <span class='ocrx_word' id='word_1_90' title='bbox 677 1979 738 2032; x_wconf 91' lang='lat' dir='ltr'>et</span> <span class='ocrx_word' id='word_1_91' title='bbox 781 1971 1049 2050; x_wconf 80' lang='lat' dir='ltr'>Scythici</span> <span class='ocrx_word' id='word_1_92' title='bbox 1107 1970 1255 2032; x_wconf 85' lang='lat' dir='ltr'>belli</span> <span class='ocrx_word' id='word_1_93' title='bbox 1311 1972 1709 2051; x_wconf 80' lang='lat' dir='ltr'>principium.</span> <span class='ocrx_word' id='word_1_94' title='bbox 1828 1971 1946 2033; x_wconf 88' lang='lat' dir='ltr'>fuit</span> <span class='ocrx_word' id='word_1_95' title='bbox 1990 1979 2066 2031; x_wconf 88' lang='lat' dir='ltr'>-et</span> <span class='ocrx_word' id='word_1_96' title='bbox 2106 1970 2368 2035; x_wconf 80' lang='lat' dir='ltr'>Histriae</span> 
     </span>
     <span class='ocr_line' id='line_1_15' title="bbox 520 2081 2370 2163; baseline 0 -20"><span class='ocrx_word' id='word_1_97' title='bbox 520 2081 830 2144; x_wconf 82' lang='lat' dir='ltr'>excidium</span> <span class='ocrx_word' id='word_1_98' title='bbox 862 2102 933 2144; x_wconf 91' lang='lat' dir='ltr'>eo</span> <span class='ocrx_word' id='word_1_99' title='bbox 962 2091 1259 2162; x_wconf 89' lang='lat' dir='ltr'>tempore,</span> <span class='ocrx_word' id='word_1_100' title='bbox 1298 2091 1368 2144; x_wconf 90' lang='lat' dir='ltr'>ut</span> <span class='ocrx_word' id='word_1_101' title='bbox 1396 2091 1604 2147; x_wconf 76' lang='lat' dir='ltr'>autem</span> <span class='ocrx_word' id='word_1_102' title='bbox 1624 2084 1947 2163; x_wconf 81' lang='lat' dir='ltr'>Dexippus</span> <span class='ocrx_word' id='word_1_103' title='bbox 1970 2081 2127 2149; x_wconf 77' lang='lat' dir='ltr'>,dicit</span> <span class='ocrx_word' id='word_1_104' title='bbox 2146 2083 2370 2147; x_wconf 82' lang='lat' dir='ltr'>Histri-</span> 
     </span>
     <span class='ocr_line' id='line_1_16' title="bbox 518 2194 971 2256; baseline -0.002 -1"><span class='ocrx_word' id='word_1_105' title='bbox 518 2212 622 2255; x_wconf 84' lang='lat' dir='ltr'>cae</span> <span class='ocrx_word' id='word_1_106' title='bbox 683 2194 971 2256; x_wconf 88' lang='lat' dir='ltr'>civitatis.</span> 
     </span>
    </p>
   </div>
   <div class='ocr_carea' id='block_1_5' title="bbox 1192 2382 1688 2433">
    <p class='ocr_par' dir='ltr' id='par_1_5' title="bbox 1192 2382 1688 2433">
     <span class='ocr_line' id='line_1_17' title="bbox 1192 2382 1688 2433; baseline -0.002 -1"><span class='ocrx_word' id='word_1_107' title='bbox 1192 2382 1287 2432; x_wconf 89' lang='lat' dir='ltr'>EX</span> <span class='ocrx_word' id='word_1_108' title='bbox 1322 2382 1688 2433; x_wconf 88' lang='lat' dir='ltr'><strong>GALLIENIS.</strong></span> 
     </span>
    </p>
   </div>
   <div class='ocr_carea' id='block_1_6' title="bbox 405 2501 2371 3032">
    <p class='ocr_par' dir='ltr' id='par_1_6' title="bbox 405 2501 2371 3032">
     <span class='ocr_line' id='line_1_18' title="bbox 405 2501 2371 2583; baseline -0.001 -19"><span class='ocrx_word' id='word_1_109' title='bbox 405 2508 483 2564; x_wconf 72' lang='lat'>1³</span> <span class='ocrx_word' id='word_1_110' title='bbox 647 2502 992 2583; x_wconf 83' lang='lat' dir='ltr'>Gallienus,</span> <span class='ocrx_word' id='word_1_111' title='bbox 1059 2501 1171 2565; x_wconf 88' lang='lat' dir='ltr'>ubi</span> <span class='ocrx_word' id='word_1_112' title='bbox 1240 2504 1298 2564; x_wconf 86' lang='lat' dir='ltr'>ei</span> <span class='ocrx_word' id='word_1_113' title='bbox 1356 2505 1706 2567; x_wconf 86' lang='lat' dir='ltr'>nuntiatum</span> <span class='ocrx_word' id='word_1_114' title='bbox 1776 2502 2128 2566; x_wconf 87' lang='lat' dir='ltr'>Odenatum</span> <span class='ocrx_word' id='word_1_115' title='bbox 2171 2504 2371 2565; x_wconf 86' lang='lat' dir='ltr'>inter-</span> 
     </span>
     <span class='ocr_line' id='line_1_19' title="bbox 519 2605 2368 2694; baseline 0.002 -20"><span class='ocrx_word' id='word_1_116' title='bbox 519 2623 816 2694; x_wconf 88' lang='lat' dir='ltr'>emptum,</span> <span class='ocrx_word' id='word_1_117' title='bbox 873 2614 1107 2677; x_wconf 89' lang='lat' dir='ltr'>bellum</span> <span class='ocrx_word' id='word_1_118' title='bbox 1153 2616 1353 2677; x_wconf 90' lang='lat' dir='ltr'>Persis</span> <span class='ocrx_word' id='word_1_119' title='bbox 1405 2614 1485 2677; x_wconf 92' lang='lat' dir='ltr'>ad</span> <span class='ocrx_word' id='word_1_120' title='bbox 1540 2634 1742 2678; x_wconf 88' lang='lat' dir='ltr'>seram</span> <span class='ocrx_word' id='word_1_121' title='bbox 1798 2618 1985 2681; x_wconf 81' lang='lat' dir='ltr'>nimis</span> <span class='ocrx_word' id='word_1_122' title='bbox 2031 2605 2368 2681; x_wconf 86' lang='lat' dir='ltr'>vindictam</span> 
     </span>
     <span class='ocr_line' id='line_1_20' title="bbox 514 2703 2366 2809; baseline 0.001 -25"><span class='ocrx_word' id='word_1_123' title='bbox 514 2723 706 2802; x_wconf 88' lang='lat' dir='ltr'>patris</span> <span class='ocrx_word' id='word_1_124' title='bbox 749 2724 990 2802; x_wconf 86' lang='lat' dir='ltr'>paravit</span> <span class='ocrx_word' id='word_1_125' title='bbox 1033 2703 1431 2808; x_wconf 72' lang='lat' dir='ltr'>collectisque</span> <span class='ocrx_word' id='word_1_126' title='bbox 1476 2746 1593 2809; x_wconf 88' lang='lat' dir='ltr'>per</span> <span class='ocrx_word' id='word_1_127' title='bbox 1650 2729 2079 2795; x_wconf 87' lang='lat' dir='ltr'>Heraclianum</span> <span class='ocrx_word' id='word_1_128' title='bbox 2138 2726 2366 2789; x_wconf 92' lang='lat' dir='ltr'>ducem</span> 
     </span>
     <span class='ocr_line' id='line_1_21' title="bbox 513 2833 2369 2924; baseline 0.004 -32"><span class='ocrx_word' id='word_1_129' title='bbox 513 2833 812 2897; x_wconf 88' lang='lat' dir='ltr'>militibus</span> <span class='ocrx_word' id='word_1_130' title='bbox 856 2837 1116 2901; x_wconf 90' lang='lat' dir='ltr'>sollertis</span> <span class='ocrx_word' id='word_1_131' title='bbox 1158 2840 1458 2920; x_wconf 85' lang='lat' dir='ltr'>principis</span> <span class='ocrx_word' id='word_1_132' title='bbox 1499 2846 1632 2902; x_wconf 86' lang='lat' dir='ltr'>rein</span> <span class='ocrx_word' id='word_1_133' title='bbox 1668 2840 1946 2924; x_wconf 79' lang='lat' dir='ltr'>gerebat.</span> <span class='ocrx_word' id='word_1_134' title='bbox 2017 2842 2125 2920; x_wconf 83' lang='lat' dir='ltr'>qui</span> <span class='ocrx_word' id='word_1_135' title='bbox 2153 2848 2369 2901; x_wconf 88' lang='lat' dir='ltr'>tamen</span> 
     </span>
     <span class='ocr_line' id='line_1_22' title="bbox 448 2946 2365 3032; baseline 0.001 -23"><span class='ocrx_word' id='word_1_136' title='bbox 448 2963 476 3009; x_wconf 80' lang='lat'><strong>5</strong></span> <span class='ocrx_word' id='word_1_137' title='bbox 514 2946 934 3028; x_wconf 84' lang='lat' dir='ltr'>HeraclianuS‚</span> <span class='ocrx_word' id='word_1_138' title='bbox 989 2969 1129 3011; x_wconf 91' lang='lat' dir='ltr'>cum</span> <span class='ocrx_word' id='word_1_139' title='bbox 1175 2959 1384 3012; x_wconf 86' lang='lat' dir='ltr'>contra</span> <span class='ocrx_word' id='word_1_140' title='bbox 1430 2952 1645 3013; x_wconf 91' lang='lat' dir='ltr'>Persas</span> <span class='ocrx_word' id='word_1_141' title='bbox 1686 2952 1995 3032; x_wconf 86' lang='lat' dir='ltr'>profectus</span> <span class='ocrx_word' id='word_1_142' title='bbox 2061 2959 2263 3028; x_wconf 88' lang='lat' dir='ltr'>esset,</span> <span class='ocrx_word' id='word_1_143' title='bbox 2326 2968 2365 3011; x_wconf 91' lang='lat' dir='ltr'>a</span> 
     </span>
    </p>
   </div>
   <div class='ocr_carea' id='block_1_7' title="bbox 512 3146 2364 3391">
    <p class='ocr_par' dir='ltr' id='par_1_7' title="bbox 512 3146 2364 3391">
     <span class='ocr_line' id='line_1_23' title="bbox 652 3146 1234 3209; baseline 0.005 -17"><span class='ocrx_word' id='word_1_144' title='bbox 652 3148 700 3203; x_wconf 92' lang='lat'>8,</span> <span class='ocrx_word' id='word_1_145' title='bbox 743 3148 791 3193; x_wconf 72' lang='lat'>¹0.</span> <span class='ocrx_word' id='word_1_146' title='bbox 832 3146 1150 3209; x_wconf 82' lang='lat' dir='ltr'>participato</span> <span class='ocrx_word' id='word_1_147' title='bbox 1173 3147 1234 3197; x_wconf 97' lang='grc' dir='ltr'>Β.</span> 
     </span>
     <span class='ocr_line' id='line_1_24' title="bbox 654 3228 2360 3304; baseline 0.004 -27"><span class='ocrx_word' id='word_1_148' title='bbox 654 3232 734 3287; x_wconf 78' lang='grc'>43,</span> <span class='ocrx_word' id='word_1_149' title='bbox 776 3233 826 3279; x_wconf 79' lang='grc' dir='ltr'>δ.</span> <span class='ocrx_word' id='word_1_150' title='bbox 866 3229 1044 3283; x_wconf 71' lang='lat' dir='ltr'>histor.</span> <span class='ocrx_word' id='word_1_151' title='bbox 1118 3236 1173 3294; x_wconf 82' lang='lat'>7,</span> <span class='ocrx_word' id='word_1_152' title='bbox 1219 3235 1248 3282; x_wconf 75' lang='lat'><em>2</em></span> <span class='ocrx_word' id='word_1_153' title='bbox 1284 3229 1487 3302; x_wconf 77' lang='grc' dir='ltr'><strong>ἠπείλει</strong></span> <span class='ocrx_word' id='word_1_154' title='bbox 1519 3231 1642 3304; x_wconf 80' lang='grc' dir='ltr'><strong>γὰρ,</strong></span> <span class='ocrx_word' id='word_1_155' title='bbox 1702 3232 1790 3285; x_wconf 66' lang='grc' dir='ltr'>καὶ</span> <span class='ocrx_word' id='word_1_156' title='bbox 1836 3232 2064 3303; x_wconf 73' lang='grc' dir='ltr'>ποιήσειν</span> <span class='ocrx_word' id='word_1_157' title='bbox 2125 3228 2360 3299; x_wconf 77' lang='grc' dir='ltr'><strong>ἔμελλεν,</strong></span> 
     </span>
     <span class='ocr_line' id='line_1_25' title="bbox 512 3309 2364 3391; baseline 0.004 -29"><span class='ocrx_word' id='word_1_158' title='bbox 512 3309 748 3381; x_wconf 68' lang='grc' dir='ltr'>ἐκκόψειν</span> <span class='ocrx_word' id='word_1_159' title='bbox 792 3330 849 3365; x_wconf 82' lang='grc' dir='ltr'>τε</span> <span class='ocrx_word' id='word_1_160' title='bbox 884 3314 972 3367; x_wconf 68' lang='grc' dir='ltr'>καὶ</span> <span class='ocrx_word' id='word_1_161' title='bbox 1009 3311 1270 3377; x_wconf 70' lang='grc' dir='ltr'>ὖποτάὸειν</span> <span class='ocrx_word' id='word_1_162' title='bbox 1318 3317 1383 3371; x_wconf 77' lang='grc' dir='ltr'>τὰ</span> <span class='ocrx_word' id='word_1_163' title='bbox 1431 3316 1610 3391; x_wconf 79' lang='grc' dir='ltr'><strong>μέχρις</strong></span> <span class='ocrx_word' id='word_1_164' title='bbox 1646 3317 1875 3372; x_wconf 63' lang='grc' dir='ltr'><strong>ὠκεανοῦ</strong></span> <span class='ocrx_word' id='word_1_165' title='bbox 1911 3315 2183 3390; x_wconf 74' lang='grc' dir='ltr'>Γερμανῶν</span> <span class='ocrx_word' id='word_1_166' title='bbox 2230 3314 2364 3387; x_wconf 69' lang='grc' dir='ltr'>ἔθνη</span> 
     </span>
    </p>
   </div>
   <div class='ocr_carea' id='block_1_8' title="bbox 512 3395 2216 3641">
    <p class='ocr_par' dir='ltr' id='par_1_8' title="bbox 512 3395 2216 3641">
     <span class='ocr_line' id='line_1_26' title="bbox 512 3395 1322 3468; baseline 0.005 -17"><span class='ocrx_word' id='word_1_167' title='bbox 512 3395 760 3468; x_wconf 79' lang='grc' dir='ltr'><strong>βάρβαρα.</strong></span> <span class='ocrx_word' id='word_1_168' title='bbox 964 3407 1011 3454; x_wconf 84' lang='grc'>7.</span> <span class='ocrx_word' id='word_1_169' title='bbox 1051 3407 1235 3468; x_wconf 88' lang='lat' dir='ltr'>posset</span> <span class='ocrx_word' id='word_1_170' title='bbox 1261 3405 1322 3455; x_wconf 91' lang='lat' dir='ltr'>B.</span> 
     </span>
     <span class='ocr_line' id='line_1_27' title="bbox 652 3490 2133 3554; baseline 0.005 -19"><span class='ocrx_word' id='word_1_171' title='bbox 652 3490 734 3548; x_wconf 82' lang='grc'>46,</span> <span class='ocrx_word' id='word_1_172' title='bbox 779 3492 826 3537; x_wconf 82' lang='grc'>4.</span> <span class='ocrx_word' id='word_1_173' title='bbox 868 3501 1053 3539; x_wconf 86' lang='lat' dir='ltr'>moeso</span> <span class='ocrx_word' id='word_1_174' title='bbox 1074 3490 1134 3541; x_wconf 87' lang='lat' dir='ltr'>P.</span> <span class='ocrx_word' id='word_1_175' title='bbox 1281 3495 1331 3540; x_wconf 78' lang='lat'>2.</span> <span class='ocrx_word' id='word_1_176' title='bbox 1368 3491 1563 3554; x_wconf 78' lang='lat' dir='ltr'>scytici</span> <span class='ocrx_word' id='word_1_177' title='bbox 2128 3538 2133 3543; x_wconf 85' lang='lat'>.</span> 
     </span>
     <span class='ocr_line' id='line_1_28' title="bbox 652 3574 2216 3641; baseline 0.004 -21"><span class='ocrx_word' id='word_1_178' title='bbox 652 3576 731 3633; x_wconf 81' lang='grc'>43,</span> <span class='ocrx_word' id='word_1_179' title='bbox 777 3577 824 3623; x_wconf 79' lang='grc'>4.</span> <span class='ocrx_word' id='word_1_180' title='bbox 868 3574 1127 3639; x_wconf 85' lang='lat' dir='ltr'>gallienos</span> <span class='ocrx_word' id='word_1_181' title='bbox 1336 3579 1384 3626; x_wconf 82' lang='lat'>8.</span> <span class='ocrx_word' id='word_1_182' title='bbox 1428 3578 1606 3640; x_wconf 87' lang='lat' dir='ltr'>patres</span> <span class='ocrx_word' id='word_1_183' title='bbox 1631 3576 1692 3638; x_wconf 89' lang='lat' dir='ltr'>B,</span> <span class='ocrx_word' id='word_1_184' title='bbox 1731 3579 1870 3641; x_wconf 84' lang='lat' dir='ltr'>patri</span> <span class='ocrx_word' id='word_1_185' title='bbox 1896 3579 1952 3637; x_wconf 86' lang='lat' dir='ltr'>P,</span> <span class='ocrx_word' id='word_1_186' title='bbox 1991 3576 2216 3629; x_wconf 58' lang='lat' dir='ltr'>cor-rm.</span> 
     </span>
    </p>
   </div>
   <div class='ocr_carea' id='block_1_9' title="bbox 490 3656 1675 3745">
    <p class='ocr_par' dir='ltr' id='par_1_9' title="bbox 490 3656 1675 3745">
     <span class='ocr_line' id='line_1_29' title="bbox 490 3656 1675 3745; baseline 0.006 -40"><span class='ocrx_word' id='word_1_187' title='bbox 490 3656 865 3745; x_wconf 58' lang='lat' dir='ltr'>⁴heraclianum</span> <span class='ocrx_word' id='word_1_188' title='bbox 894 3660 954 3710; x_wconf 90' lang='lat' dir='ltr'>B.</span> <span class='ocrx_word' id='word_1_189' title='bbox 1168 3664 1220 3711; x_wconf 77' lang='lat'>5.</span> <span class='ocrx_word' id='word_1_190' title='bbox 1260 3660 1589 3711; x_wconf 79' lang='lat' dir='ltr'>heradianus</span> <span class='ocrx_word' id='word_1_191' title='bbox 1614 3662 1675 3712; x_wconf 89' lang='grc' dir='ltr'>Β.</span> 
     </span>
    </p>
   </div>
  </div>
 </body>
</html>
