2717 4159
1103 297 1424 344 unanima.
2097 280 2183 345 *39

337 477 400 529 et
462 467 664 541 Quadi
723 477 935 549 agunt.
990 479 1000 491 ·
1040 471 1376 551 praecipua
1432 471 1954 533 Marcomanorum
1999 470 2189 553 gloria

336 581 649 660 viresque,
703 589 890 661 atque
935 582 1070 662 ipsa
1114 583 1301 644 etiam
1347 581 1533 644 sedes
1574 582 1772 663 pulsis
1839 583 1982 645 olim
2030 585 2190 646 Boiis

342 692 564 753 virtute
608 701 806 772 parta.
884 712 1001 754 nec
1040 694 1260 755 Varisti
1293 694 1576 768 Quadive
1607 694 2009 775 degenerant.
2081 714 2189 756 ea·-
2222 723 2227 728 -

336 820 461 882 que
506 803 872 866 Germaniae
930 805 1104 867 velut
1161 805 1330 869 frons
1370 814 1472 868 est
1485 853 1501 884 ,
1553 814 1863 885 quatenus
1905 807 2188 867 Danuvio
2226 817 2254 863 5

333 915 774 995 praecingitur.
865 915 1267 979 Marcomanis
1309 915 1669 997 Quadisque
1713 936 1915 997 usque
1961 916 2042 979 ad
2074 937 2189 979 no-

334 1034 527 1088 stram
572 1026 932 1087 memoriam
988 1045 1168 1108 reges
1222 1038 1589 1090 manserunt
1646 1049 1726 1091 ex
1791 1037 1973 1110 gente
2019 1030 2188 1109 ipso-

333 1155 495 1217 rum,
548 1138 757 1199 nobile
798 1137 1159 1201 Marobodui
1201 1149 1264 1200 et
1306 1138 1495 1202 Tudri
1540 1159 1772 1220 genus:
1823 1141 1947 1203 iam
1984 1148 2045 1201 et
2074 1159 2187 1201 ex·
2267 1163 2270 1166 ·

334 1259 544 1312 ternos
595 1252 951 1330 patiuntur3
1018 1250 1132 1313 scd
1178 1252 1276 1313 vis
1333 1261 1397 1311 et
1452 1254 1725 1332 potentia
1792 1252 2045 1333 regibus
2106 1270 2187 1312 ex

335 1363 693 1424 auctoiitate
748 1363 1044 1425 Romana.
1152 1381 1289 1425 raro
1357 1364 1547 1425 armis
1611 1366 1868 1443 nostriS‚
1935 1365 2185 1444 saepius
2223 1374 2283 1420 io

331 1476 596 1553 pecunia
640 1475 955 1554 iuvantur,
1008 1493 1126 1538 nec
1169 1476 1377 1537 minus
1421 1475 1650 1537 valent.
2120 1532 2124 1536 ,

463 1595 625 1647 retro
667 1588 953 1668 Marsigni
997 1586 1198 1650 Cotini
1241 1587 1349 1649 Osi
1418 1589 1562 1649 Buri
1619 1596 1793 1669 terga
1848 1590 2183 1649 Marcoma-
2202 1590 2282 1646 43

331 1717 556 1760 norum
601 1696 1083 1779 Quadorumque
1128 1699 1447 1762 claudunt.
1541 1719 1576 1758 e
1621 1698 1853 1779 quibus
1897 1699 2185 1778 Marsigni

330 1819 396 1872 et·
437 1811 585 1873 Buri
613 1827 899 1872 sermone
938 1810 1236 1890 cultuque
1283 1810 1524 1873 Suebos
1568 1809 1875 1896 referunt:
1935 1810 2184 1871 Cotinos

331 1921 593 2000 Gallica,
659 1921 813 1982 Osos
856 1922 1203 1983 Pannonica
1246 1923 1457 2003 lingua
1525 1923 1798 2004 coarguit
1851 1940 1980 1983 non
2044 1937 2180 1982 esse

334 2034 707 2111 Germanm,
759 2041 837 2094 et‘
862 2031 1034 2112 quod
1077 2032 1307 2095 tributa
1350 2035 1695 2113 patiunmr.
1787 2041 2026 2113 partem
2068 2032 2183 2092 tri-
2219 2045 2248 2090 5

334 2145 627 2212 buturum
672 2147 1008 2223 Sarmatae,
1060 2155 1303 2225 parte-m
1333 2145 1536 2219 Quadi
1566 2154 1638 2207 ut
1666 2144 2032 2224 alienigenis
2051 2141 2182 2203 'im-

334 2265 596 2337 ponunt.
688 2255 907 2335 Cotini,
960 2274 1084 2335 quo
1128 2258 1324 2338 magis
1368 2255 1619 2337 pudeat,
1659 2266 1722 2319 et
1749 2256 1982 2317 ferrum
2028 2254 2181 2316 effo-

470 2469 523 2513 2.
564 2462 712 2526 quali
741 2463 793 2514 G.
926 2458 1396 2513 marcomanorum
1430 2464 1476 2514 b.
1711 2466 1761 2513 3.
1799 2463 1968 2513 etiam
2014 2462 2132 2525 ipsa
2154 2461 2183 2510 b

332 2550 603 2612 Rammius.
735 2548 864 2599 sede
891 2562 935 2598 c.
1066 2547 1206 2599 boiis
1229 2548 1436 2609 b‚-bois
1459 2549 1589 2601 BCc.
1815 2549 1863 2597 Ιι.
1903 2550 2056 2612 parta
2098 2546 2178 2606 Co,

330 2638 518 2700 parata
543 2634 634 2683 Bb.
757 2633 965 2686 mai-isti
996 2635 1048 2694 C,
1085 2634 1286 2685 Naristi
1310 2638 1484 2685 ceteri.
1720 2637 1770 2683 5.
1812 2634 2049 2683 danuuio
2076 2633 2176 2693 BC,

333 2721 572 2773 danubio
591 2722 667 2771 bc.
846 2723 895 2768 6.
935 2721 1303 2784 praecingitur
1333 2721 1679 2784 hymomus,
1719 2720 1995 2784 peragitur
2018 2718 2174 2770 Bch.

434 2807 739 2857 areomanis
773 2808 961 2855 omissa
997 2806 1046 2855 M
1090 2809 1224 2871 quae
1254 2808 1414 2857 minio
1444 2809 1592 2870 pium·
1625 2806 1830 2858 debebat
1864 2806 1925 2867 B,
1966 2818 2179 2855 marco-

333 2894 508 2943 manis
543 2906 664 2944 cum
688 2893 850 2942 litura
872 2905 1036 2954 supra
1071 2905 1106 2941 n
1145 2893 1190 2941 b.
1323 2892 1516 2955 quadis
1538 2904 1609 2940 ue
1640 2892 1692 2943 C.
1824 2905 1997 2955 usque
2023 2904 2107 2941 om
2130 2906 2175 2941 c.

474 2984 521 3029 7.
562 2980 877 3038 manserunt
907 2978 987 3037 Co,
1026 2991 1274 3027 mansere
1298 2978 1362 3036 B,
1401 2974 1617 3028 manse?
1642 2979 1689 3028 b.
1836 2981 1884 3027 8.
1925 2975 2181 3026 marobo-

223 3075 232 3098 ¹
333 3066 426 3117 dui
453 3065 502 3124 b,
543 3063 864 3114 marabodui
891 3065 952 3124 B,
991 3063 1256 3113 marobod
1276 3064 1353 3113 tui
1387 3062 1440 3123 C,
1479 3062 1762 3114 Marbodui
1788 3077 1833 3113 c.

473 3153 556 3212 43,
600 3155 648 3199 4.
688 3149 856 3213 gotini
890 3150 1034 3202 Bch
1066 3155 1115 3201 ot
1138 3152 1192 3199 in
1215 3151 1452 3213 maraine
1478 3146 1526 3216 β.
1643 3149 1790 3200 Burii
1822 3149 1902 3199 Co.
2035 3162 2183 3199 mar·
2261 3150 2267 3160 '

332 3249 689 3287 comanorum
713 3249 829 3285 cum
856 3238 1016 3287 litura
1039 3248 1203 3298 supra
1239 3248 1277 3283 n
1309 3236 1356 3296 b,
1414 3236 1862 3292 Marchomanorfi
1893 3235 1972 3286 Co.

332 3342 382 3388 2.
424 3311 656 3402 fidorum
692 3339 773 3389 Co.
987 3343 1036 3388 3.
1076 3340 1285 3389 Sueuos
1308 3339 1429 3399 Bbc,
1468 3350 1659 3390 sceuos
1676 3352 1746 3401 pr
1775 3338 1815 3389 C
1842 3343 1889 3389 et
1922 3338 2038 3387 inde
2063 3350 2183 3388 corr

293 3417 297 3425 ¹
332 3439 411 3475 sv,
534 3423 749 3487 gotinos
771 3423 933 3476 Bch.
1181 3427 1230 3473 ⁴.
1271 3423 1561 3487 galitaosos
1593 3425 1855 3487 panonica
1886 3424 1936 3474 C.

333 3514 381 3559 6.
424 3510 573 3575 quali
604 3510 656 3561 C.
774 3513 838 3560 ut
861 3510 982 3571 Bbc,
1023 3513 1078 3560 et
1102 3523 1146 3559 ο.
1363 3513 1410 3558 7.
1451 3509 1626 3558 Cotini
1657 3510 1735 3570 Oc,
1776 3509 1944 3571 gotini
1970 3508 2062 3558 Bb.

330 3596 501 3661 pudet
537 3595 588 3648 C.
