2717 4159
862 308 895 348 B
921 307 1102 351 rimu
1133 307 1307 349 nmo
1339 305 1571 349 Μαίνῃ.
2026 288 2144 350 115

304 494 564 555 pompae
608 475 992 556 singulorum
1033 475 1278 538 dierum
1326 485 1493 537 esset
1536 496 1570 536 e
1612 477 1851 537 sucino.
1946 478 2149 537 maxi-
2228 498 2237 505 ⁴

306 606 475 653 mum
517 587 766 666 pondus
812 589 864 648 is
908 586 1160 667 glaebae
1203 588 1410 648 attulit
1452 607 1558 648 1111
1602 586 1925 648 librarum.
1976 589 2147 649 nasei
2191 600 2257 650 46

305 708 363 759 et
405 700 471 759 in
511 698 693 763 India
730 709 971 761 eertum
997 707 1115 761 est.
1208 697 1549 760 Archelaus
1592 700 1701 778 qui
1746 700 2028 779 regnavit
2086 701 2152 760 in

305 809 694 890 Cappadocia.
757 811 928 873 illinc
994 811 1178 889 pineo
1245 813 1467 873 cortice
1530 811 1891 872 inhaerente
1958 810 2149 873 tradit

304 922 527 985 advehi
571 922 729 985 rude
776 923 1078 1002 polirique
1121 920 1306 1002 adipe
1336 923 1469 984 suis
1496 922 1781 984 lactentis
1810 924 2115 984 incoctum
2135 971 2148 983 .

302 1033 608 1112 liquidum
649 1034 718 1097 id
762 1036 971 1128 prime
1007 1032 1319 1095 destillare
1345 1044 1712 1114 argumento
1757 1042 1903 1095 sunt
1945 1053 2145 1113 quae-
2190 1053 2216 1098 5

304 1144 445 1207 dam
503 1147 673 1209 intus
727 1145 1126 1223 tralucentia,
1194 1154 1265 1205 ut
1321 1145 1614 1207 formicae
1674 1146 2026 1224 culieesque
2086 1154 2153 1206 et

303 1257 594 1337 lacertae,
650 1275 814 1336 quae
857 1255 1212 1319 adhaesisse
1258 1266 1498 1318 musteo
1558 1275 1683 1318 non
1738 1267 1837 1317 est
1876 1255 2143 1318 dubium

303 1379 366 1429 et
390 1369 630 1433 inclusa
675 1367 1060 1433 durescente,
1089 1366 1312 1429 ecdem
1351 1368 1749 1430 remansisse.

313 1478 435 1562 (⁴2)
489 1499 715 1561 genera
759 1481 895 1543 eius
938 1479 1119 1559 plura
1161 1487 1329 1541 sunt.
1411 1498 1492 1540 ex
1535 1480 1588 1540 is
1632 1478 1899 1541 eandida
1942 1478 2147 1541 ederis
2183 1495 2249 1544 47

303 1593 836 1673 praestantissimi.
945 1590 1060 1655 sed
1101 1609 1224 1653 nec
1264 1591 1362 1653 his
1412 1609 1528 1651 nee
1583 1592 1808 1652 cerinis
1851 1593 2144 1671 pretium.
2252 1630 2257 1637 -

305 1703 491 1765 fulvis
522 1705 716 1767 maior
743 1705 1092 1781 auctoritas,
1146 1722 1230 1765 ex
1271 1703 1326 1764 is
1353 1704 1692 1764 etiamnum
1726 1703 1992 1787 amplius
2022 1712 2154 1765 tra-

304 1814 690 1893 lucentibus,
751 1825 1188 1894 praeterquam
1232 1815 1285 1876 si
1328 1815 1523 1875 nimio
1580 1813 1798 1876 ardore
1861 1814 2151 1895 flagrent.

302 1928 636 2006 imaginem
690 1927 938 2006 igneam
995 1928 1061 1987 in
1117 1927 1170 1987 is
1213 1942 1350 1987 esse
1374 1973 1389 2004 ,
1442 1944 1569 1988 non
1601 1927 1843 2005 ignem3
1918 1927 2140 2005 placet.
2185 1947 2213 1992 5

305 2058 548 2101 summa
602 2038 738 2099 laus
794 2037 1067 2101 Falernis
1133 2056 1172 2099 a
1228 2038 1354 2098 vini
1427 2037 1629 2099 colore
1696 2037 1905 2115 dietis,
1987 2038 2155 2098 molli

304 2149 540 2229 fulgore
584 2149 954 2229 perspicuis.
1048 2156 1195 2211 sunt
1237 2155 1299 2209 et
1340 2149 1408 2208 in
1452 2148 1683 2227 quibus
1724 2148 1964 2211 decocti
1996 2150 2157 2210 mel-

304 2260 380 2321 lis
425 2261 647 2347 lenitas
689 2259 947 2340 placeat.
1028 2278 1252 2321 verum
1294 2259 1408 2320 hoc
1451 2277 1698 2339 quoque
1745 2270 1959 2323 notum
2016 2261 2155 2321 fieri
2192 2271 2257 2321 48

304 2379 564 2451 oportet,
616 2386 1008 2450 quocumque
1051 2368 1236 2433 mode
1281 2388 1354 2432 ea
1389 2372 1669 2451 tinguere
1713 2372 1921 2451 libeat,
1962 2372 2161 2452 tingui

306 2482 646 2545 haedorum
678 2482 827 2547 sebo
872 2490 950 2543 et·
974 2483 1286 2545 anchusae
1331 2481 1561 2561 radice,
1615 2484 1845 2563 quippe
1911 2485 2033 2544 iam
2094 2490 2181 2544 et.

306 2594 626 2682 conchylio
669 2593 1046 2657 inficiuntur.
1112 2602 1386 2659 ceterum
1431 2595 1642 2656 attritu
1683 2593 2015 2675 digitorum
2046 2614 2155 2656 ac-

307 2714 488 2786 cepta
532 2705 750 2767 caloris
808 2707 1013 2768 anima
1071 2705 1322 2768 trahunt
1377 2707 1442 2768 in
1497 2725 1564 2768 se
1623 2706 1837 2786 paleas
1893 2716 1955 2768 et
2012 2706 2155 2768 folia

450 3009 499 3056 9.
540 3019 767 3070 pompae
794 3018 856 3055 ac
881 3006 940 3056 B.
1158 3008 1240 3065 46,
1271 3009 1319 3055 2.
1360 3007 1550 3070 pineos
1574 3007 1634 3067 Β,
1676 3008 1729 3056 in
1757 3021 1822 3056 eo
1849 3021 1900 3067 a,
1928 3020 2010 3056 om
2031 3008 2085 3055 L.

384 3094 430 3141 4.
472 3091 629 3156 adipe
648 3092 845 3152 suisF,
875 3105 958 3141 om
971 3092 1072 3144 Bm.
1277 3095 1328 3141 8.
1356 3093 1551 3142 eodem
1576 3093 1872 3142 remansise
1891 3093 1970 3153 31,
2000 3106 2082 3143 om
2095 3108 2156 3143 ω.

452 3180 535 3237 47,
580 3181 625 3226 4.
668 3180 793 3227 sunt
815 3190 883 3227 ex
904 3177 989 3227 his
1012 3174 1095 3237 ΒΞ,
1126 3190 1212 3227 om
1232 3192 1293 3228 ω.
1508 3180 1555 3227 3.
1594 3191 1661 3227 ex
1685 3179 1770 3228 his
1789 3179 1879 3239 Fa,
1921 3180 2057 3228 exist
2072 3177 2156 3237 13¹,

308 3264 494 3313 existit
511 3259 591 3312 13².
702 3265 866 3313 etiam
886 3264 946 3323 B,
986 3264 1300 3313 etiamnunc
1321 3277 1382 3314 ω.
1488 3264 1724 3328 amplius
1743 3264 1802 3324 B,
1844 3264 2075 3327 amplior
2097 3279 2155 3315 ω.

415 3354 466 3398 5.
508 3348 595 3399 his
621 3345 701 3408 ΒΞ,
730 3362 813 3398 om
836 3365 894 3399 ω.
1109 3352 1156 3398 7.
1184 3350 1534 3413 perspicui—
1551 3349 1753 3413 quibus
1779 3350 1833 3409 L,
1860 3350 2167 3413 perspicuis

311 3435 609 3500 (perspicui
635 3437 761 3484 sunt
784 3435 882 3498 Fa)
925 3436 981 3484 in
1018 3434 1218 3499 quibus
1254 3436 1309 3484 et
1336 3435 1438 3485 Bm.
1549 3440 1598 3485 8.
1638 3435 1845 3499 placeat
1867 3448 2057 3484 verum
2081 3448 2169 3484 om

308 3520 396 3570 B¹.
581 3522 662 3579 48,
704 3525 753 3570 2.
795 3521 956 3571 modo
974 3521 1217 3571 —libeat
1242 3521 1301 3580 B,
1341 3514 1505 3571 libeat
1530 3522 1695 3579 modo
1719 3522 1776 3581 F,
1819 3520 1983 3570 libeat
2003 3520 2065 3569 L.

312 3611 365 3657 3.
407 3620 540 3672 sepo
568 3603 647 3666 82,
689 3619 816 3656 sevo
837 3607 890 3656 L.
999 3619 1230 3656 ancusae
1259 3606 1343 3666 31,
1372 3620 1623 3659 ameusae
1649 3607 1704 3655 F.
1887 3677 1914 3722 8
1933 3672 1964 3703 ἃ
