2717 4159
1090 327 1418 371 stamma.
2107 307 2181 372 17

321 498 553 578 eligunt
595 497 759 559 feras
802 505 869 558 et
909 496 1183 559 detracta
1219 498 1531 559 velamina
1578 506 1877 578 spargunt
1919 497 2180 559 maculis

319 609 714 691 pellibusque
759 609 1089 670 beluarum
1146 626 1305 689 quas
1351 610 1621 671 exterior
1663 608 1947 670 Oceanus
1991 619 2178 689 atque

322 724 595 802 ignotum
637 739 808 783 mare
855 722 1067 801 gignit.
1147 740 1265 782 nec
1309 721 1468 782 alius
1512 719 1766 780 feminis
1803 735 1995 799 quam
2027 723 2178 783 viris
2216 725 2278 771 ⁴⁰

319 832 587 908 habituS,
640 834 762 893 nisi
808 831 974 911 quod
1019 832 1289 893 feminae
1336 832 1586 911 saepius
1629 830 1813 892 lineis
1846 831 2180 893 amictibus

319 945 623 1022 velantur,
677 959 908 1023 eosque
937 959 1214 1024 purpura
1245 943 1491 1005 variant
1521 950 1886 1022 partemque
1917 943 2180 1006 vestitus

318 1057 653 1135 superioris
692 1058 761 1116 in
793 1057 1068 1117 manicas
1097 1073 1225 1116 non
1254 1052 1620 1133 extendunt,
1674 1052 1884 1115 nudae
1923 1054 2178 1118 brachia

319 1186 388 1228 ac
431 1167 724 1243 lacertos3
790 1165 902 1227 sed
947 1175 1008 1228 et
1049 1169 1332 1246 proxima
1376 1141 1522 1246 pars
1564 1167 1830 1246 pectoris
1873 1174 2064 1245 patet.

445 1294 825 1356 quamquam
883 1293 1099 1338 severa
1157 1277 1287 1338 illie
1343 1275 1753 1355 matrimonia,
1822 1294 1942 1337 nec
1982 1276 2174 1339 ullam
2202 1275 2278 1332 18

321 1406 559 1449 morum
617 1398 859 1467 partem
916 1390 1114 1469 magis
1170 1387 1547 1456 laudaveris,
1626 1405 1772 1449 nam
1816 1403 2009 1467 prope
2064 1388 2177 1452 soli

318 1499 727 1561 barbarorum
799 1499 1062 1580 singulis
1119 1499 1424 1562 uxoribus
1481 1501 1777 1560 contenti⁴
1811 1508 1986 1577 sunt,
2062 1517 2177 1560 ex—

319 1613 515 1691 ceptis
569 1609 909 1672 admodum
954 1611 1205 1691 paucis,
1260 1612 1369 1690 qui
1414 1629 1540 1671 non
1582 1610 1879 1689 libidine,
1909 1610 2048 1671 -sed
2093 1610 2174 1671 ob

317 1721 701 1783 nobilitatem
730 1722 1017 1802 plurimis
1061 1722 1299 1801 nuptiis
1345 1720 1731 1784 ambiuntur.
1796 1721 2004 1785 dotem
2049 1741 2175 1783 non
2212 1739 2246 1784 ις

317 1851 474 1894 uxor
516 1834 766 1912 marito,
837 1831 949 1895 sed
1007 1834 1187 1894 uxori
1250 1834 1511 1894 maritus
1569 1832 1767 1893 offert.
1861 1835 2180 1895 intersunt.

317 1961 393 2025 pa
402 1952 606 2008 rentes
651 1953 714 2004 ct
757 1946 1092 2024 propinqui
1136 1962 1208 2005 ac
1253 1961 1516 2005 munera
1560 1944 1857 2024 probant,
1913 1963 2175 2006 munera

315 2073 440 2117 nou
471 2054 551 2116 ad
597 2054 852 2117 delicias
881 2054 1221 2117 muliebres
1262 2056 1545 2135 quaesita
1590 2073 1707 2117 nec
1736 2055 1970 2135 quibus
2013 2073 2176 2117 nova

316 2175 511 2247 nupta
569 2176 876 2246 comatur,
945 2165 1060 2227 sed
1103 2166 1300 2230 boves
1344 2177 1411 2228 et
1465 2167 1773 2229 frenatum
1833 2185 2069 2248 equum
2115 2176 2177 2229 et

315 2287 559 2340 scutum
617 2297 760 2340 cum
817 2277 1050 2339 framea
1104 2276 1455 2358 gladioque.
1562 2280 1628 2339 in
1694 2279 1847 2339 haec
1911 2297 2173 2340 munera
2213 2295 2276 2341 4ο

314 2409 473 2452 uxor
499 2391 817 2470 accipitur,
870 2398 1057 2468 atque
1099 2391 1371 2451 invicem
1416 2392 1550 2469 ipsa
1581 2405 1893 2451 armorum
1935 2387 2178 2468 aliquid

313 2504 449 2562 viro
494 2501 690 2562 affert.
772 2501 888 2561 hoc
931 2502 1278 2564 maximum
1322 2501 1675 2577 vinculum,
1742 2499 1897 2564 haec
1945 2517 2175 2564 arcana

314 2631 509 2692 sacra,
561 2613 675 2674 hos
700 2612 1059 2692 coniugales
1097 2611 1246 2673 deos
1275 2613 1672 2674 arbitrantur.
1737 2629 1820 2672 ne
1850 2631 1918 2673 se
1950 2612 2175 2674 mulier

314 2732 487 2784 extra
518 2725 820 2785 virtutum
867 2725 1266 2803 cogitationes
1309 2731 1610 2802 extraque
1641 2722 1948 2785 bellorum
1991 2742 2173 2785 casus

310 2842 518 2914 putet,
584 2836 738 2915 ipsis
798 2835 1153 2936 incipientis
1198 2835 1572 2896 matrimonii
1617 2835 1909 2914 auspiciis
1954 2833 2172 2896 admo-
2212 2852 2273 2899 45

459 3112 535 3157 12.
577 3107 852 3158 vellantur
876 3108 931 3160 C.

452 3197 534 3253 48,
565 3198 612 3242 4.
652 3193 923 3257 υΙΙετῦῬν
958 3196 1003 3244 b.
1220 3197 1266 3245 4.
1299 3194 1369 3244 ob
1395 3193 1678 3245 libidinem
1706 3195 1757 3246 C.
1974 3197 2022 3243 5.
2052 3207 2171 3242 am-

307 3278 532 3328 biontor
560 3277 610 3328 C.
760 3284 806 3328 7.
849 3284 904 3329 et
933 3279 1061 3339 Boc,
1102 3287 1165 3328 ac
1190 3280 1219 3329 b
1242 3286 1291 3330 et
1313 3281 1582 3342 Hauptius.
1678 3293 1741 3329 ac
1775 3292 2001 3327 munera
2031 3281 2171 3328 dele-

306 3369 499 3413 verunt
521 3364 880 3414 Lachmannus
914 3370 961 3415 et
984 3365 1250 3426 Hauptius,
1293 3377 1522 3415 munera
1558 3366 1796 3415 Hau-sius,
1941 3369 1987 3413 8.
2032 3363 2171 3414 deli-

307 3450 414 3497 tias
449 3448 532 3501 Gc.
665 3453 714 3499 9.
745 3463 912 3514 equm
927 3449 980 3501 C.
1093 3453 1175 3500 ⁴⁰.
1205 3463 1431 3501 munere
1457 3450 1513 3501 G.
1649 3453 1732 3500 ⁴⁴.
1763 3449 1907 3513 ipim
1935 3448 1993 3499 C.
2069 3450 2173 3499 ali-

306 3534 446 3598 quid
464 3537 554 3596 Bb,
598 3535 654 3585 id
676 3535 730 3596 C,
774 3539 805 3585 a
830 3548 872 3584 c.
1009 3539 1093 3585 ⁴2.
1123 3535 1229 3586 hoc
1255 3537 1343 3596 Bb,
1386 3537 1485 3598 hec
1516 3537 1599 3589 σε.
1745 3539 1828 3585 45.
1857 3536 2171 3600 incipienti-

303 3619 412 3670 bus
425 3621 470 3672 b.
545 3621 797 3685 auspitiis
820 3620 876 3672 G.
900 3635 903 3640 ⁴

1930 3728 1959 3772 2
