2717 4159
812 293 1144 336 promum
1189 292 1306 337 Lm.
1337 291 1383 333 11
1429 292 1484 334 c.
1522 291 1608 333 xl.
2016 273 2135 335 127

281 464 507 544 ταμοῦ·
598 457 745 542 μετὰ
813 458 878 524 δὲ
936 454 1176 532 τούτους
1238 455 1296 523 Κ
1326 464 1557 545 αῦχο
1590 484 1609 523 ι
1683 459 1739 523 οἱ
1816 485 1858 543 μ
1891 484 1970 541 ικ
2001 455 2142 543 ροὶ

288 571 469 657 μέχρι
537 576 641 637 τοῦ
728 567 1120 656 Οὖισουργίου
1206 574 1476 654 ποταμοῦ
1498 592 1511 604 ·
1613 566 1742 633 εἶτα
1832 566 2101 655 Καῦχο
2122 595 2142 633 ι

289 683 346 745 οἱ
428 682 647 767 μείζο
666 707 741 756 υς
823 681 1000 769 μέχρι
1071 686 1175 749 τοῦ
1234 674 1469 766 Ἄλβιος
1540 685 1812 763 ποταμοῦ
1834 702 1847 715 ·
1926 681 2139 766 ἐφεξῆς
2175 713 2198 750 5

291 793 356 857 δὲ
409 790 504 857 ἐπὶ
547 791 645 859 τὸν
710 790 938 880 αὐχένα
994 798 1097 878 τῆς
1145 790 1481 879 Κιμβρικῆς
1553 786 1924 879 χερσονήσου
2001 792 2047 855 Σ
2067 787 2138 856 ά-

288 907 493 978 Εονες
519 927 531 938 ·
605 901 791 990 αὐτὴν
861 904 927 969 δὲ
999 901 1106 988 τὴν
1163 900 1531 991 χερσόνησον
1610 899 1754 989 ὑπὲρ
1838 902 1942 987 μὲν
2003 899 2141 977 τοὺς

292 1013 556 1090 Σάξονας
612 1011 1098 1100 Σιγοόλωνες
1161 1012 1275 1081 ἀπὸ
1346 1018 1621 1101 δυσμῶν,
1696 1015 1824 1105 εἶτα
1899 1015 2141 1101 Σαβα-

289 1128 609 1213 λίγγιοι,
660 1126 790 1192 εἶτα
836 1124 1263 1213 Κοβανὸοί·
1317 1123 1462 1214 ὖπὲρ
1510 1119 1624 1201 οῦς·
1666 1122 1961 1205 Χάλοι,
2036 1124 2140 1191 καὶ
2181 1147 2240 1193 ⁴2

290 1239 380 1303 ἔτι
438 1234 582 1325 ῦπὲρ
654 1235 893 1311 τούτους
963 1234 1395 1324 δυσμικώτεροι
1452 1237 1558 1322 μὲν
1646 1239 1702 1303 Φ
1733 1264 1764 1302 ο
1792 1265 1825 1303 υ
1860 1262 1888 1329 ν
1916 1239 1953 1301 ὃ
1984 1262 2017 1300 ο
2048 1232 2081 1302 ό
2110 1275 2144 1284 -

292 1375 478 1426 σιοι,
545 1346 1042 1435 ἀνατολικώτεροι
1112 1349 1179 1414 δὲ
1250 1348 1648 1436 Χαροῦδες
1673 1400 1686 1424 ,
1766 1345 2000 1414 πάντων
2077 1349 2143 1414 δὲ

292 1457 715 1549 ἀρκτικῶτεροι
760 1459 1123 1549 Κίμβροι·
1184 1458 1333 1546 μετὰ
1406 1461 1473 1526 δὲ
1530 1458 1665 1535 τοὺς
1721 1458 1979 1534 Σάξονας
2026 1458 2140 1527 ἀπὸ
2181 1481 2240 1527 43

293 1579 403 1638 τοῦ
462 1570 783 1640 Χαλούσου
824 1579 1084 1658 ποταμοῦ
1144 1573 1323 1660 μέχρι
1388 1579 1486 1638 τοῦ
1541 1572 1816 1659 Σουήβου
1873 1577 2145 1657 ποταμοῦ

294 1684 807 1772 Φαροδεινοί·
900 1685 1030 1749 εἶτα
1076 1681 1637 1771 Σειδινοὶμέχρι
1679 1691 1786 1750 τοῦ
1832 1679 2142 1751 Οὖιαδοόα
2182 1702 2241 1749 44

296 1804 589 1881 ποταμοῦ,
638 1795 740 1861 καὶ
786 1793 912 1882 μετ’
972 1794 1183 1869 αὐτοὺς
1216 1792 1750 1862 ζΡουτίκλει.οι
1806 1796 1984 1883 μέχρι
2040 1801 2139 1863 τοῖ
2238 1865 2242 1869 ,

299 1903 636 1974 Οὖιστοόλα
677 1915 967 1993 ποταμοῦ.

426 2019 559 2085 Τῶν
609 2020 674 2084 δὲ
720 2017 882 2092 ἐντὸς
927 2017 1029 2083 καὶ
1099 2019 1421 2104 μεσογείων
1469 2021 1661 2084 ἐθνῶν
1725 2019 1972 2104 μέγιστα
2039 2018 2143 2103 μέν
2185 2029 2245 2076 45

302 2133 429 2195 ἐστι
469 2128 535 2196 τό
566 2157 630 2196 τε
672 2137 788 2196 τῶν
837 2125 1207 2218 Σουήβων
1254 2136 1372 2195 τῶν
1410 2127 1851 2216 Ἀγγειλῶν,
1908 2129 1966 2195 οἳ
1996 2131 2143 2194 εἰσιν

296 2240 798 2329 ἀνατολικώτεροι
855 2248 971 2307 τῶν
1033 2238 1478 2328 Λαγγοβάρδων
1541 2239 1943 2315 ἀνατείνοντες
2000 2239 2146 2328 πρὸς

294 2351 402 2427 τὰς
448 2348 695 2442 ἄρκτους
727 2354 905 2445 μέχρι
932 2361 1050 2419 τῶν
1085 2355 1280 2439 μέσων
1311 2359 1416 2418 τοῦ
1435 2345 1670 2439 Ἅλβιος
1715 2357 2005 2438 ποταμοῦ,
2043 2350 2146 2417 καὶ

435 2565 482 2611 3.
522 2563 755 2633 καῦχονῖ
780 2564 837 2622 Α,
876 2565 1059 2613 καῦκοι
1088 2563 1145 2612 Β.
1404 2565 1451 2611 Ιι.
1495 2559 1784 2631 οὐισόυργον
1811 2562 1870 2622 Α,
1913 2559 2147 2632 οὐισουρ-

292 2645 410 2715 γίου
437 2662 487 2707 a,
530 2644 838 2717 οὐισούργιος
863 2649 961 2698 Bx.
994 2651 1125 2713 conf.
1161 2652 1207 2708 4,
1240 2652 1290 2696 6.
1483 2653 1529 2697 5.
1572 2645 1751 2714 ἀλβίου
1784 2662 1832 2698 α.

298 2736 347 2782 6.
369 2737 416 2784 8.
454 2734 554 2796 (43,
576 2734 647 2795 4.)
687 2730 888 2793 σάξονες
913 2730 1123 2792 σάξονας
1144 2748 1210 2793 α,,
1227 2729 1431 2793 αὔξονες
1456 2730 1668 2792 αὖξονας
1688 2733 1796 2794 AG,
1828 2731 2002 2794 ἄξονες
2026 2730 2149 2793 ἄξο-

297 2835 387 2875 νας
408 2820 563 2871 ΜΒω.
595 2818 726 2881 conf.
760 2823 841 2883 47,
873 2823 920 2871 2.
966 2823 1046 2879 3⁴,
1079 2823 1125 2868 2.
1351 2824 1399 2869 8.
1442 2815 1755 2890 Διγοῦλωνες
1874 2816 2147 2887 σαβαλλίγ-

293 2919 392 2972 γιοι
512 2962 516 2967 .
603 2909 683 2965 ⁴2,
710 2908 759 2953 2.
803 2902 1241 2975 φουνδούσιοιᾼα,
1283 2903 1707 2976 φουνδοῦσοιΒω.
1938 2908 1986 2954 Ιι.
2029 2902 2151 2973 κίμ-

299 2986 430 3057 βριοι
662 2994 743 3050 43,
773 2995 821 3040 4.
861 2987 1087 3051 σάξονας,
1115 2986 1345 3052 αὔξονας,
1377 2988 1557 3051 ἄξονας
1581 2997 1638 3041 ut
1664 2995 1746 3051 Μ,
1778 2995 1826 3040 6.
1858 2995 1906 3040 8.

298 3080 343 3125 2.
389 3074 609 3145 σουήβου
631 3076 738 3137 AG,
782 3074 975 3144 συήβου
1001 3077 1099 3128 Bm.
1315 3079 1399 3137 44,
1443 3081 1489 3126 4.
1532 3073 1733 3127 σιδεινοὶ
1757 3089 1858 3127 am.
1971 3072 2151 3127 ἰαδούα

293 3162 437 3216 ΑΒω,
491 3167 620 3228 conf.
666 3166 713 3222 4,
746 3167 793 3212 2.
827 3167 875 3222 4,
905 3166 955 3211 6.
993 3167 1042 3222 6,
1073 3166 1120 3211 5.
1171 3166 1251 3226 44,
1281 3168 1328 3212 3.
1386 3165 1467 3223 45,
1499 3164 1547 3210 8.
1591 3166 1672 3222 20,
1702 3166 1750 3212 5.
1796 3164 1878 3222 34,
1923 3166 1971 3211 2.
2016 3166 2064 3221 ³,
2095 3166 2144 3222 5,

301 3251 385 3308 20,
432 3252 477 3296 ὅ.
672 3252 718 3296 2.
760 3246 847 3299 καὶ
871 3242 969 3316 μετ’
1004 3275 1071 3285 -
1097 3252 1332 3315 ποταμοῦ
1358 3262 1442 3298 om
1467 3249 1620 3314 adef?
1659 3245 1761 3315 μετ’
1786 3262 1855 3308 m,
1897 3243 1979 3297 ὑπ’
2002 3247 2145 3298 ABoe.

433 3337 482 3383 3.
526 3328 757 3385 ἰστούλαν
781 3334 891 3394 AG,
936 3331 1133 3389 ἶυστίλα
1158 3335 1218 3394 Β,
1246 3334 1324 3384 oe‘?

433 3423 517 3478 45,
561 3422 611 3469 2.
655 3417 840 3488 συήβοι
861 3422 919 3481 Α,
962 3417 1170 3489 συήβων
1198 3420 1283 3470 Bm
1307 3425 1356 3471 et
1378 3420 1552 3472 eodem
1574 3420 1720 3470 modo
1739 3433 1837 3482 por
1859 3422 2122 3482 proxima.

366 3501 585 3573 ανγειλοι
608 3505 678 3566 Α,
721 3502 940 3575 ἀγγιλῶν
967 3521 1029 3566 α,
1082 3501 1317 3575 ἀγγυλων
1353 3521 1424 3557 m.
1638 3510 1685 3554 3.
1727 3502 2062 3576 λογγοβάρδοι
2085 3506 2143 3565 Α,

294 3587 479 3659 λογγο-
506 3605 592 3640 am
628 3587 802 3661 λογγι-
826 3605 853 3642 ο
886 3588 1236 3661 λαγγιβάρδων
1262 3608 1311 3642 υ.
1522 3595 1570 3641 Ιι.
1614 3587 1792 3659 ἀλβίου
1819 3606 1868 3642 α.
