2717 4159
596 267 699 330 8G'
1056 288 1091 330 Β
1123 285 1407 336 mummi
1438 287 1629 336 imm
1661 287 1838 334 nmo
1894 287 1988 332 m.

592 454 766 518 ribus
795 454 973 534 longe
1004 455 1253 534 lateque
1281 453 1578 533 diffusae,.
1613 456 1818 535 primo
1841 454 1925 518 ad
1953 457 2442 535 sementationem

594 584 815 645 magno
845 565 1040 645 gradu
1070 575 1424 644 excurrunt,
1465 565 1696 638 deinde
1726 566 1837 634 ubi
1852 567 2246 640 Germaniam
2275 567 2440 632 adtia-

594 684 833 757 gerunt,
884 693 1065 742 verso
1108 679 1323 756 inpetu
1351 678 1418 738 in
1462 679 1761 742 orientem
1803 678 2048 748 abeunt¹
2084 678 2444 758 diremptis-

595 807 717 867 que
748 789 995 867 populis
1027 788 1386 852 inmanibus
1408 806 1608 868 usque
1637 791 1710 858 in
1737 790 2054 854 Thraciam
2083 798 2434 869 penetrant.

423 907 482 962 5.
507 914 567 959 7⁴
725 899 939 977 Gallia,
990 887 1303 962 Lemanno
1345 899 1485 961 lacu
1529 908 1591 961 et
1620 898 1990 986 Cebennieis
2017 901 2348 966 montibus
2377 903 2445 963 in

597 1010 721 1072 duo
765 1012 957 1072 latera
999 1001 1217 1073 divisa
1247 1018 1432 1089 atque
1478 1011 1667 1076 altero
1713 1012 1976 1078 Tuscum
2019 1013 2277 1093 pelagus
2329 1011 2447 1076 ad·-

594 1123 837 1202 tingens
882 1122 1073 1183 altero
1115 1118 1466 1199 Oceanum,
1533 1122 1634 1183 hio
1676 1142 1712 1184 a
1756 1124 1912 1193 Varo
1959 1123 2080 1184 illie
2133 1143 2169 1185 a
2227 1124 2443 1186 Rheno

595 1232 673 1294 ad
716 1226 1098 1311 Pyrenaeum
1143 1250 1343 1310 usque
1389 1233 1784 1311 permittitur.
1862 1252 2007 1313 pars
2053 1243 2254 1296 nostro
2286 1236 2442 1295 mari

594 1342 871 1424 adposita
927 1343 1060 1424 (fuit
1102 1341 1433 1422 aliquando
1479 1345 1748 1423 Bracata,
1800 1363 1967 1406 nune
1995 1344 2435 1427 Narbonensis)

594 1462 687 1516 est
729 1456 924 1535 magis
967 1455 1128 1518 culta
1173 1463 1236 1515 et
1278 1456 1471 1534 magis
1516 1456 1747 1517 consita
1771 1454 2038 1535 ideoque
2079 1458 2263 1518 etiam
2309 1457 2441 1518 lae-

492 1582 554 1628 79
592 1567 728 1625 tior.
786 1613 799 1626 .
844 1612 857 1625 .
897 1613 910 1626 .
963 1564 1296 1627 Rhodanus
1355 1581 1481 1626 non
1538 1566 1715 1645 longe
1762 1566 1842 1627 ab
1886 1568 2068 1628 Histri
2112 1547 2440 1647 Rhenique

588 1676 861 1737 fontibus
905 1679 1133 1757 surgit:
1180 1677 1331 1746 dein
1377 1680 1689 1738 Lemanno
1734 1677 1871 1738 lacu
1925 1685 2210 1757 acceptus
2267 1686 2442 1739 tenet

589 1788 870 1866 inpetum
915 1806 1109 1867 seque
1149 1805 1264 1867 per
1308 1787 1585 1850 medium
1628 1789 1867 1869 integer
1906 1807 2114 1868 agenS,
2163 1797 2440 1868 quantus

587 1900 781 1978 venit,
835 1898 1169 1980 egreditur,
1225 1909 1285 1960 et
1328 1900 1476 1961 inde
1522 1905 1730 1961 eontra
1773 1901 1837 1960 in
1896 1899 2277 1962 occidentem
2324 1900 2442 1962 ah·—

586 2012 745 2073 latus
791 2010 1174 2091 aliquamdiu
1240 2012 1467 2073 Gallias
1513 2011 1766 2072 dirimit.

1258 2253 1263 2260 '
1322 2241 1364 2291 E
1405 2242 1596 2291 LIBRO
1617 2242 1706 2293 III.
1819 2259 1822 2268 ¹

720 2399 733 2412 .
777 2400 789 2412 .
835 2401 846 2413 .
897 2352 1181 2433 Varduli,
1245 2372 1371 2414 una
1432 2365 1581 2434 gens
1625 2351 1774 2442 hine
1828 2353 1908 2415 ad
1968 2354 2260 2435 Pyrenaei
2304 2355 2435 2435 iugi

582 2466 1082 2545 promunturium
1125 2466 1465 2544 pertinens»,
1519 2464 1711 2526 eludit
1754 2465 2100 2544 Hispanias.

436 2596 477 2649 2
505 2602 566 2647 46
721 2579 1013 2657 Sequitur
1050 2576 1287 2638 'Galliae
1332 2576 1491 2638 latus
1538 2576 1819 2656 alterum,
1871 2577 2046 2637 euius
2091 2594 2195 2637 ora
2225 2578 2425 2657 primo

585 2690 739 2750 nihil
783 2707 1107 2769 progressa
1150 2689 1214 2749 in
1261 2687 1473 2766 altum,
1522 2707 1668 2748 mox
1698 2687 2082 2749 tantumdem
2111 2706 2312 2769 paene
2358 2690 2423 2750 in

526 2809 537 2822 “
583 2800 837 2880 pelagus
882 2798 1189 2861 excedens
1247 2806 1548 2879 quantum
1607 2807 1768 2860 retro
1826 2800 2117 2878 Hispania
2176 2800 2430 2861 absees-

584 2919 764 2990 serat,
819 2910 1197 2972 Cantabricis
1255 2911 1322 2971 fit
1378 2909 1639 2972 adversa
1694 2911 1872 2971 terris
1915 2918 1978 2970 et
2029 2910 2247 2990 grandi
2306 2913 2431 2972 cir-

585 3023 755 3083 cuitu
789 3021 1030 3083 adflexa
1079 3022 1159 3084 ad
1202 3021 1585 3083 occidentem
1628 3021 1773 3083 litus
1804 3021 2089 3083 advertit.
2163 3029 2316 3083 tunc
2346 3021 2428 3083 ad

419 3212 423 3218 q
585 3136 1034 3213 septentriones
1079 3150 1375 3194 conversa
1418 3135 1643 3193 iterum
1689 3133 1868 3213 longo
1910 3141 2200 3211 rectoque
2227 3141 2429 3194 tractu

482 3250 544 3295 20
583 3244 664 3306 ad
710 3246 875 3325 ripas
933 3243 1377 3305 Rheni'amnis
1423 3242 1838 3323 expanditur.
1881 3290 1894 3305 .
1937 3290 1950 3304 .
2016 3245 2182 3324 regio
2238 3263 2427 3324 quam

719 3505 802 3560 79,
844 3505 891 3550 4.
935 3501 1123 3552 histria
1162 3500 1498 3564 archenique
1520 3498 1646 3566 Ant-‚j

718 3590 765 3636 4.
806 3585 1037 3635 vardulli
1071 3588 1160 3636 Aet
1181 3598 1283 3635 non
1305 3587 1438 3638 nulli
1463 3587 1569 3637 alii.
