2717 4159
559 272 680 332 144
1171 288 1357 331 rvuvs
1402 288 1789 333 cunonmvs

556 467 686 519 tum
733 457 1202 539 diligentissime
1282 459 1553 520 restituit
1621 466 1693 519 et·
1746 476 1987 536 servoS,
2060 476 2251 537 quem
2325 458 2408 521 ad

555 568 808 630 modum
875 569 1036 630 bello
1097 571 1321 631 Punico
1382 569 1609 630 factum
1669 570 1898 648 fuerat,
1972 569 2055 631 ad
2118 570 2406 632 militiam

554 682 818 760 paravit.
884 699 1039 760 quos
1083 681 1460 745 voluntarios
1502 681 1788 761 exemplo
1836 682 2127 743 volonum
2185 681 2407 762 appel-

492 809 519 854 5
558 792 729 854 lavit.
794 793 1056 854 armavit
1100 794 1283 853 etiam
1335 790 1729 872 gladiatores,
1785 811 1940 872 quos
1990 791 2409 871 obsequentes

555 903 794 983 appella
806 905 908 963 vit.
1000 904 1267 965 latrones
1312 904 1497 964 etiam
1541 903 1877 964 Dalmatiae
1935 912 2122 983 atque
2165 902 2406 965 Darda-

554 1015 694 1076 niae
751 1015 979 1076 milites
1023 1014 1187 1075 feeit.
1282 1016 1548 1076 armavit
1590 1023 1654 1076 et
1695 1015 2045 1077 Diocmitas.
2153 1016 2302 1076 emit
2330 1024 2408 1093 ‘et

554 1125 1000 1187 Germanorum
1047 1126 1275 1187 auxilia
1329 1134 1541 1187 contra
1587 1126 1943 1188 Germanos.
2022 1127 2190 1187 omni
2219 1145 2407 1206 prae-—

553 1245 723 1298 terea
769 1237 1085 1317 diligentia
1128 1238 1373 1317 paravit
1415 1237 1690 1317 legiones
1735 1237 1815 1299 ad
1861 1238 2298 1299 Germanicum
2343 1245 2407 1298 et

458 1368 530 1439 ⁴0·
554 1350 1111 1410 Marcomannicum
1153 1349 1414 1410 bellum.
1492 1358 1557 1410 et
1599 1367 1679 1411 ne
1722 1347 2210 1428 provincialibus
2243 1356 2408 1410 esset

556 1461 884 1540 molestum
952 1461 1298 1522 auctionem
1343 1477 1557 1521 rerum
1604 1460 1945 1522 aulicarum
2009 1468 2081 1522 ut
2134 1457 2411 1521 diximus

555 1571 700 1633 fecit
742 1573 809 1633 in
853 1571 979 1634 foro
1026 1570 1156 1633 divi
1198 1572 1464 1650 Traiani,
1532 1573 1598 1632 in
1643 1590 1767 1650 qua
1805 1579 2053 1652 praeter
2099 1574 2302 1633 vestes
2343 1579 2411 1632 et

557 1692 617 1744 et
658 1684 878 1763 pocula
939 1693 1002 1746 et
1045 1702 1194 1745 vasa
1257 1701 1447 1744 aurea
1514 1684 1700 1744 etiam
1761 1684 1937 1763 signa
1982 1701 2124 1744 cum
2175 1681 2404 1744 tabulis

556 1812 921 1876 magnorum
988 1794 1290 1857 artificum
1369 1793 1678 1856 vendidit.
1799 1796 2261 1855 Marcomannos
2334 1794 2398 1853 in

456 1919 518 1965 45
556 1907 689 1986 ipso
734 1907 996 1969 transitu
1024 1907 1290 1969 Danuvii
1336 1904 1571 1968 delevit
1614 1914 1677 1966 et
1716 1904 2015 1986 praedam
2057 1905 2408 1985 provincia-

556 2017 721 2080 libus
765 2017 1063 2093 reddidit.

444 2130 527 2185 22
690 2140 906 2209 gentes
951 2147 1165 2190 omnes
1209 2127 1288 2190 ab
1348 2129 1574 2208 Illyrici
1619 2129 1812 2189 limite
1872 2145 2071 2208 usque
2131 2130 2195 2188 in
2253 2127 2410 2189 Gal—

555 2240 702 2301 liam
749 2241 1284 2320 conspiraverant,
1339 2249 1411 2300 ut
1453 2240 1864 2302 Marcomanni
1921 2240 2195 2302 Varistae
2249 2240 2406 2299 Her-

23 2330 281 2452 f“³‘5“gs
307 2297 470 2403 »Ωιῦῗκ
555 2349 853 2412 munduri
914 2359 975 2411 et
1031 2350 1230 2422 Quadi
1247 2376 1275 2442 Ι
1328 2350 1522 2414 Suebi
1530 2352 1897 2459 )Sarmatae
1959 2323 2287 2430 Lacringes
2345 2358 2411 2410 et

45 2464 148 2547 EQ,
176 2476 290 2535 323
321 2454 425 2536 ‘'f“
555 2463 718 2539 Buri,
773 2461 837 2521 hi
882 2461 1112 2542 aliique
1170 2482 1313 2524 cum
1355 2462 1679 2541 VictualiS,
1755 2463 1863 2523 Osi
1908 2463 2079 2523 Bessi
2138 2460 2406 2524 Saboces

488 2584 515 2630 5
554 2574 850 2636 Roxalani
895 2575 1224 2635 Basternae
1267 2571 1450 2635 Alani
1485 2574 1735 2635 Peucini
1781 2572 2120 2635 Costoboci.
2213 2573 2402 2632 inmi-

555 2684 744 2746 nebat
787 2694 849 2746 et
893 2685 1237 2747 Parthicum
1290 2684 1528 2746 bellum
1573 2696 1635 2746 et
1677 2685 2117 2747 Britannicum.
2181 2701 2401 2763 magno

554 2797 739 2876 igitur
770 2795 981 2858 labore
1028 2797 1211 2858 etiam
1242 2814 1355 2857 suo
1401 2804 1617 2875 gentes
1662 2798 2034 2876 asperrimas
2077 2795 2242 2872 vicit,
2282 2795 2403 2854 mi-

554 2907 765 2969 litibus
810 2925 949 2969 sese
1010 2905 1428 2986 imitantibUS,
1483 2906 1855 2970 ducentibus
1923 2908 2108 2968 etiam
2166 2907 2409 2967 exerci-

554 3029 686 3081 tum
729 3019 945 3100 legatis
1011 3030 1073 3081 et
1112 3018 1442 3101 praefectis
1483 3021 1810 3099 praetorio.
1919 3019 2285 3098 accepitque
2338 3018 2404 3080 in

691 3251 772 3310 2⁴,
819 3253 899 3298 44.
944 3251 1190 3301 auctione

688 3338 770 3396 22,
816 3340 863 3384 3.
907 3337 1063 3398 sueui
1296 3339 1341 3385 4.
1384 3335 1542 3385 burci
1636 3335 1692 3383 hi
1733 3334 1934 3398 aliique
1970 3337 2314 3386 Mommsenus
2349 3337 2403 3384 in

551 3422 885 3486 Vandalique
923 3425 1154 3482 mutavit,
1196 3423 1308 3472 vide
1334 3427 1506 3472 tamen
1528 3422 1749 3471 Hermae
1773 3425 1805 3470 t.
1837 3422 1888 3481 2,
1919 3423 2034 3470 348.
2146 3421 2402 3470 uictuua-

385 3512 400 3549 f
553 3508 617 3558 lis
640 3509 699 3558 B.
812 3507 1021 3557 sosibes
1058 3505 1325 3556 sicobotes
1572 3511 1619 3556 ὅ.
1662 3506 1839 3556 halani
1931 3507 2141 3570 peutini
2168 3507 2226 3556 B.

555 3599 600 3644 6.
641 3594 994 3645 brittanicum
1033 3594 1091 3643 B.
