2717 4159
410 758 472 803 20

515 329 552 396 6
768 363 791 392 ⁴
1189 349 1466 396 commu
1509 341 1701 394 ‘morri

508 514 832 584 interiores
864 523 1204 603 simplicius
1248 531 1309 584 et
1353 524 1667 603 antiquius
1697 509 2172 603 permutation&
2195 530 2363 584 mer-

511 635 674 695 cium
733 631 1014 696 utuntur.
1088 636 1441 715 'pecuniam
1500 631 1765 714 probant
1810 643 2085 695 veterem
2148 643 2222 695 et·
2252 633 2362 696 diu

513 756 740 825 notam,
794 756 1056 807 serratos
1088 745 1470 826 bigatosque.
1536 754 1859 826 argentum
1890 763 2138 825 quoque
2171 748 2364 826 magis

430 873 447 896 s
511 874 697 935 quam
729 876 949 918 aurum
972 847 1362 936 sequuntur,
1416 857 1586 919 nulla
1624 857 1942 919 affectione
1989 858 2199 935 animi,
2252 857 2363 919 sed

451 1198 490 1251 (i

420 2216 481 2259 40

420 2775 484 2820 45

513 969 657 1047 quia
685 987 983 1029 numerus
1006 978 1435 1048 argenteorum
1469 968 1703 1029 facilior
1724 970 1866 1031 usui
1898 979 1994 1030 est
2013 970 2360 1049 promiscua

513 1098 583 1140 ac
628 1080 776 1140 vilia
822 1079 1260 1141 mercantibus

645 1210 725 1251 ne
782 1191 1013 1252 sermm
1074 1190 1328 1271 quidem
1391 1200 1711 1272 superest,
1787 1192 1946 1252 sicut
2002 1207 2082 1251 ex
2141 1208 2367 1271 genere

510 1303 778 1364 telorum
808 1302 1128 1383 colligitur.
1194 1306 1318 1364 rari
1366 1302 1586 1384 gladiis
1617 1312 1724 1364 aut
1766 1301 2105 1363 maioribus
2136 1288 2367 1364 lanceis

514 1424 805 1476 utuntur:
870 1415 1075 1476 hastas
1118 1416 1220 1477 vel
1248 1417 1544 1496 ’ipsorum
1590 1415 1889 1476 vocabulo
1933 1414 2197 1476 frameas
2257 1433 2368 1493 ge·

514 1535 678 1604 runt,
732 1536 993 1606 angusto
1030 1534 1091 1587 et
1120 1526 1297 1587 brevi
1328 1527 1509 1607 ferre,
1551 1525 1663 1587 sed
1695 1528 1777 1587 ita
1808 1528 1933 1587 acri
1965 1535 2027 1587 et
2071 1525 2152 1587 ad
2180 1543 2365 1587 usum

515 1636 705 1698 habili
749 1645 820 1698 ut
861 1637 1082 1699 eodem
1127 1637 1247 1698 telo
1291 1646 1473 1718 prout
1530 1640 1682 1699 ratio
1727 1639 1923 1718 poscit
1965 1638 2068 1697 vel
2111 1638 2369 1698 commi-'-

516 1767 637 1810 nus
681 1749 781 1809 vel
828 1750 1073 1809 eminus
1135 1760 1436 1830 pugnent.
1517 1758 1578 1810 et
1636 1767 1830 1827 eques
1887 1747 2141 1827 quidem
2200 1756 2369 1809 scuto

516 1861 875 1939 frameaque
920 1868 1260 1933 contentus
1290 1869 1416 1940 est,
1484 1859 1728 1940 pedites
1773 1871 1835 1921 et
1880 1859 2134 1920 missilia
2193 1875 2371 1939 spar-

518 1981 689 2052 gunt,
742 1971 1045 2051 pluraque
1077 1971 1321 2051 singuli,
1376 1979 1562 2050 atque
1591 1973 1656 2032 in
1690 1973 2065 2032 immensum
2096 1969 2362 2048 vibrant,

519 2079 672 2144 nudi
719 2091 826 2143 aut
868 2083 1081 2162 sagulo
1125 2083 1320 2144 leves.
1402 2084 1569 2145 nulla
1615 2072 1817 2145 cultus
1860 2083 2134 2157 iactatio;
2202 2089 2372 2143 scuta

520 2201 761 2255 tantum
804 2193 1173 2255 lectissimis
1200 2194 1507 2257 coloribus
1552 2194 1957 2280 distinguunt.
2022 2194 2236 2274 paucis
2278 2192 2374 2252 lo-

519 2307 709 2383 ricae,
775 2306 882 2366 vix
936 2305 1045 2366 uni
1093 2296 1347 2367 alterive
1395 2309 1585 2369 cassis
1609 2293 1736 2369 'aut
1788 2305 1980 2386 galea.
2056 2306 2216 2384 equi·
2248 2322 2373 2364 non

519 2415 734 2494 forma,
810 2431 943 2478 non*
992 2415 1313 2478 velocitate
1370 2418 1706 2498 conspicui.
1790 2416 1903 2479 sed
1962 2435 2080 2477 nec
2134 2416 2374 2477 variare

521 2543 700 2609 gyros
758 2528 824 2587 in
856 2545 1107 2588 morem
1152 2537 1433 2591 nostrum
1478 2528 1814 2591 docentur:
1875 2530 1941 2589 in
1988 2535 2246 2589 rectum·
2268 2534 2375 2588 aut

521 2655 648 2700 uno
678 2638 849 2700 flexu
876 2638 1132 2700 dextros
1164 2650 1374 2721 agunt,
1426 2642 1509 2702 ita
1541 2642 1863 2704 coniuncto
1895 2638 2044 2701 orbe
2091 2646 2160 2700 ut
2190 2645 2374 2698 ne‘mo

523 2752 824 2831 posterior
868 2751 967 2811 sit.

664 2961 743 3007 48.
775 2957 1029 3006 mertium
1060 2958 1114 3009 C.
1263 2960 1344 3007 49.
1374 2956 1569 3024 probat
1587 2956 1659 3007 bis
1682 2955 1733 3007 C.
1865 2959 1961 3006 20.
1992 2956 2292 3019 ligatosque
2318 2953 2367 3003 G.

661 3045 744 3090 24.
784 3045 1043 3094 secuntur
1074 3042 1156 3093 Cc.
1233 3041 1518 3095 affectione
1548 3041 1628 3102 Cc,
1669 3040 2012 3094 affectatione
2032 3040 2122 3091 Bb.

663 3132 711 3189 6,
757 3133 801 3177 4.
843 3127 957 3178 Nec
985 3154 1046 3165 —
1075 3126 1181 3196 qd&
1218 3132 1408 3197 supest
1434 3127 1597 3196 quid'e
1627 3127 1679 3178 G.
1895 3130 1941 3176 2.
1983 3125 2237 3176 tellorum
2271 3124 2325 3176 Ο.

664 3217 712 3261 5.
754 3213 882 3266 tello
912 3213 964 3265 0.
1040 3213 1290 3263 cominus
1315 3213 1360 3263 b.
1485 3217 1530 3263 6.
1561 3203 1769 3278 pugn&
1790 3213 1843 3264 C.
1968 3215 2013 3262 7.
2044 3198 2375 3278 parmeaque

524 3313 566 3348 c.
619 3298 866 3349 missillia
886 3298 936 3349 C.
1050 3301 1098 3349 8.
1128 3300 1288 3364 atque
1308 3297 1335 3348 'i
1358 3302 1381 3349 ῑ
1405 3312 1656 3350 mensum
1681 3297 1761 3359 Co,
1792 3302 1953 3362 atque
1971 3300 1996 3347 ῑ
2012 3310 2263 3347 mensum
2288 3297 2372 3355 Bb,

525 3386 579 3434 in
616 3397 782 3447 supra
806 3383 1078 3447 adscripsit
1103 3382 1150 3448 β.
1299 3385 1381 3433 4ο.
1424 3383 1698 3447 letissimis
1733 3381 2028 3449 colloribus
2052 3382 2107 3434 G.
2182 3382 2380 3433 distin-

524 3473 656 3536 gunt
673 3469 833 3522 Bch.
1004 3474 1085 3519 44.
1127 3471 1222 3519 aut
1248 3469 1400 3532 galea
1424 3470 1711 3531 Rhemum,
1753 3474 1846 3520 aut
1869 3470 2018 3535 galee
2045 3470 2172 3530 Boc,
2213 3481 2382 3531 auga—

522 3555 606 3617 lee
638 3555 691 3606 G.
907 3557 989 3606 ⁴2.
1029 3555 1243 3605 uariare
1281 3555 1430 3615 Bc0,·
1467 3555 1731 3606 uarietate
1756 3557 1803 3606 b.
2018 3560 2099 3605 43.
2141 3556 2296 3619 ‘giros
2325 3551 2378 3603 C.

663 3640 745 3686 44.
789 3639 892 3689 dex
904 3641 1030 3704 (tros
1055 3640 1141 3690 vel
1168 3641 1438 3703 sinis)tros
1462 3640 1674 3707 Adolsus
1696 3641 1971 3693 Michaelis
2025 3642 2318 3691 coniuncto
2339 3644 2388 3689 et
