2717 4159
560 313 641 377 88
1200 336 1232 377 R
1280 335 1457 378 mim
1500 336 1671 380 nmo
1703 337 1783 379 iv.

563 504 627 569 in
691 503 1078 565 Germaniam
1126 503 1391 585 abrepti.
1483 507 1570 568 sic
1614 509 1805 568 maria
1853 507 2222 581 circumfusa
2276 526 2437 573 nn·-

561 613 753 693 dique
814 613 1070 676 dividuo
1125 614 1308 695 globo
1356 626 1594 696 partem
1649 617 1816 679 orbis
1874 617 2165 680 auferunt
2220 617 2407 679 nobis

563 744 682 787 nec
724 725 871 787 inde
916 726 1038 788 huc
1081 744 1198 788 nec
1240 728 1385 788 hinc
1425 728 1526 790 illo
1571 731 1786 810 pervio
1826 739 2048 791 tractu.

431 847 528 897 246
573 884 584 895 .
628 883 640 896 .
686 884 697 896 .
762 856 796 898 3
864 838 1190 900 Germania
1261 840 1578 902 inmensas
1653 840 1885 902 insulas
1957 860 2079 902 non
2152 838 2403 920 pridem

564 958 903 1027 compertas
946 950 1251 1029 cognitum
1305 950 1525 1012 habeo.

1285 1222 1323 1272 E
1367 1225 1556 1273 LIBRO
1582 1226 1664 1274 IV.

461 1378 526 1427 79
574 1358 694 1441 (24)
732 1408 744 1422 .
775 1407 787 1420 .
817 1409 826 1419 .
855 1408 867 1420 .
900 1360 1046 1422 inde
1070 1361 1223 1422 ostia
1239 1362 1444 1421 Histri.
1494 1371 1660 1423 ortus
1684 1362 1784 1423 hic
1806 1363 1870 1423 in
1888 1362 2215 1425 Germania
2240 1362 2411 1443 iugis

557 1452 783 1533 'montis
827 1470 1122 1533 Abnobae
1168 1491 1243 1532 ex
1290 1471 1550 1534 adverso
1592 1473 1838 1534 Raurici
1882 1472 2113 1535 Galliac
2158 1472 2393 1552 oppidi,

561 1583 769 1644 multis
812 1584 972 1644 ultra
1015 1581 1202 1662 Alpes
1249 1582 1498 1646 milibus
1542 1604 1612 1645 ac
1654 1603 1769 1669 per
1801 1576 2157 1647 innumeras
2185 1585 2425 1667 lapsus⁴

561 1704 775 1789 gentes
819 1695 1059 1756 Danuvi
1108 1696 1375 1774 nomine,
1430 1697 1711 1758 inmenso
1757 1715 2057 1776 aquarum
2102 1705 2284 1758 auctu
2337 1704 2400 1757 ct
2452 1772 2469 1799 ι

495 1830 521 1873 5
562 1804 730 1868 undc
761 1807 1028 1888 primum
1075 1804 1383 1887 Illyricum
1432 1805 1629 1869 adluit
1660 1800 1860 1869 Hister
1921 1800 2285 1889 adpellatUS,
2325 1824 2399 1866 Lx

559 1918 847 1979 amnibus
892 1919 1173 1998 receptis,
1227 1918 1431 1980 medio
1477 1918 1668 1981 ferme
1714 1939 1924 1981 eorum
1971 1938 2227 1981 numero
2284 1907 2407 1979 na'-

558 2029 831 2110 vigahili,
871 2030 935 2090 in
979 2031 1232 2092 Pontum
1278 2028 1468 2093 vastis
1514 2051 1627 2093 sex
1673 2003 2034 2092 fluminibus
2065 2029 2391 2092 evolvitur.

558 2142 828 2220 primum
874 2142 1097 2202 ostium
1140 2138 1385 2220 Peuces,
1440 2161 1580 2203 mox
1623 2143 1756 2223 ipsa
1801 2142 1996 2202 Peuce
2042 2141 2277 2220 insula,
2331 2142 2396 2201 in

561 2280 683 2341 qua
727 2263 1044 2341 proximus
1089 2262 1303 2324 alveus
1333 2262 1369 2292 *
1413 2262 1753 2343 appellatus
1785 2250 1887 2321 iffi
1918 2282 1982 2345 p.
2033 2279 2253 2341 magna
2284 2280 2407 2342 pa·—

464 2387 522 2430 4ο
562 2371 708 2434 lude
740 2372 1044 2434 sorbetur.
1138 2393 1216 2435 ex
1263 2371 1480 2437 eodem
1526 2372 1698 2435 alveo
1745 2385 1807 2434 et
1850 2392 2038 2455 super
2081 2364 2403 2452 Histropo-

559 2492 645 2553 lin
691 2492 860 2555 lacus
904 2494 1172 2573 gignitur
1216 2484 1375 2574 ιῖὧ.
1400 2512 1695 2573 passuum
1741 2493 2014 2570 ambitu,
2078 2470 2395 2573 Halmyriu

559 2615 801 2666 vocant.
881 2603 1226 2669 secundum
1269 2606 1494 2666 ostium
1537 2605 1970 2667 Naracustoma
2025 2602 2393 2687 appellatur,

558 2718 803 2777 tertium
849 2716 1229 2779 Calonstoma
1259 2718 1426 2778 iuxta
1458 2717 1719 2779 insulam
1752 2716 2167 2795 Sarmaticam,
2207 2733 2403 2794 quar-

559 2837 688 2888 tum
734 2826 1241 2906 Pseudostomon,
1295 2827 1442 2888 dein
1500 2827 1696 2891 insula
1753 2828 2040 2907 Conopon
2097 2826 2394 2907 diabasis,

461 2953 519 2996 45
556 2949 767 3019 postea
813 2922 1225 3000 Borionstoma
1283 2950 1343 2999 et
1386 2938 1800 3000 Psilonstoma.
1892 2938 2131 3019 singula
2189 2947 2397 3001 autem

694 3218 776 3274 79,
817 3219 866 3264 2.
907 3213 1118 3263 abnoue
1145 3214 1197 3273 R,
1238 3210 1477 3263 abnobae
1503 3213 1552 3261 d.
1663 3212 1858 3262 saurici
1885 3212 1972 3261 Ra.
2207 3214 2256 3262 4.
2298 3212 2397 3262 da·

558 3301 680 3349 nuvi
708 3294 784 3349 R!
1001 3303 1049 3348 9.
1092 3300 1329 3351 lacunam
1355 3300 1593 3348 indicavit
1626 3297 1957 3362 Detleskcm.
2158 3303 2167 3311 ’
2196 3302 2277 3348 Η.
2317 3299 2405 3348 al-

554 3385 728 3448 myrin
755 3386 802 3435 D
832 3386 1007 3446 (codex
1039 3385 1311 3435 Vaticanus
1336 3386 1463 3434 38⁶⁴
1502 3380 1634 3433 saec.
1665 3382 1734 3445 xi)
1763 3382 1821 3443 F,
1858 3382 2073 3432 almirin
2099 3383 2199 3434 RE.

558 3474 637 3519 u.
678 3471 1099 3534 spendeswmon
1148 3470 1221 3519 Ra
1261 3475 1312 3520 ct
1355 3470 1476 3520 libro·
1521 3478 1622 3519 mn
1659 3469 1788 3519 nitito·
1825 3468 1984 3520 Sabini
2012 3473 2092 3529 ⁴⁸,
2124 3473 2174 3519 4.
2269 3470 2401 3520 dein

553 3557 890 3619 Dctlefmas,
931 3559 988 3605 et
1024 3556 1078 3604 in
1114 3552 1223 3615 BF,
1265 3558 1321 3604 et
1353 3554 1460 3604 Da.
1688 3558 1768 3604 ⁴5.
1825 3556 2217 3619 spirconstoma
2256 3554 2396 3618 libri,

554 3641 898 3704 spilonstoma
923 3641 1127 3692 soum
1165 3642 1511 3703 (stenostoma
1536 3640 1839 3692 Ammianus
1861 3644 1945 3700 n,
1978 3645 2026 3702 8,
2056 3642 2164 3703 144).
2457 3618 2464 3639 ’
