2717 4159
952 316 985 357 t
1018 314 1200 358 mim
1228 315 1402 358 nmo
1435 315 1501 356 ιι.
2074 294 2155 358 87

270 523 279 534 ·
313 503 698 565 quamquam
741 485 873 565 ipse
933 503 1055 546 non
1101 493 1407 563 cernatur,
1461 484 1664 546 vicino
1710 491 1917 546 tamen
1947 483 2161 564 splen-

311 596 465 659 dore
512 597 792 678 proxima
845 596 1160 675 inlustrat,
1226 614 1338 675 per
1394 595 1719 657 solstitium
1761 613 1908 656 vero
1953 595 2158 657 nullae

315 708 487 787 quod
529 716 662 770 tum
707 707 828 769 iam
871 706 1251 769 manifestior
1314 726 1441 769 uon
1485 706 1781 787 fulgorem
1824 704 2004 768 modo
2048 704 2163 769 sed

311 821 416 882 sui
460 836 711 900 quoque
757 825 993 898 partem
1009 842 1016 859 π
1035 820 1375 906 maximam
1415 825 1697 903 ostentat.

378 1145 485 1206 EX
516 1146 583 1207 C.
621 1144 846 1206 PLINII
886 1144 1213 1208 SECVNDI
1243 1141 1669 1207 NATVRALIS
1702 1141 2105 1207 HISTORIAE

1094 1263 1283 1314 LIBRO
1319 1265 1384 1314 11.
1906 1255 1913 1261 ’

325 1400 451 1485 (67)
504 1398 557 1463 A
601 1400 879 1464 Gadibus
914 1402 1357 1493 *columnisque
1404 1402 1680 1463 Herculis
1728 1401 2055 1479 Hispaniae
2101 1408 2162 1460 et
2201 1415 2292 1465 167

315 1513 653 1575 Galliarum
701 1514 969 1575 circuitu
1021 1522 1184 1575 totus
1229 1513 1411 1575 hodie
1478 1514 1803 1593 navigatur
1846 1511 2156 1573 occidens.

317 1625 814 1704 septentrionalis
860 1640 1005 1686 vero
1049 1625 1331 1687 Oceanus
1378 1625 1605 1685 maiore
1650 1643 1730 1685 ex
1773 1631 1944 1705 parte
1985 1624 2163 1684 navi-

245 1760 256 1781 *
314 1745 499 1817 gatus
545 1744 640 1799 est
681 1737 971 1816 auspiciis
1029 1735 1158 1797 divi
1203 1733 1463 1817 Augusti
1520 1736 1912 1798 Germaniam
1969 1734 2161 1795 classe

315 1848 730 1908 circumvecta
773 1846 855 1910 ad
899 1847 1283 1909 Cimbrorum
1337 1849 1839 1927 promunturium
1897 1855 1958 1908 et
2014 1845 2160 1908 inde
2199 1864 2227 1910 5

317 1960 602 2020 inmenso
662 1951 815 2019 mari
870 1967 1187 2040 prospecto
1245 1966 1349 2020 aut
1408 1958 1570 2021 fama
1628 1960 1865 2040 cognito
1921 1958 2164 2037 Scythi-

313 2089 456 2131 cam
503 2070 583 2132 ad
625 2070 866 2151 plagam
913 2078 973 2131 et
1015 2089 1227 2132 umore
1288 2072 1476 2131 nimio
1532 2070 1811 2150 rigentia.
1914 2078 2165 2150 propter

317 2180 490 2262 quod
533 2183 788 2242 minime
836 2182 1168 2243 verisimile
1214 2191 1307 2243 est
1350 2182 1474 2244 illic
1517 2182 1711 2244 maria
1746 2180 2008 2242 deficere
2053 2180 2162 2241 ubi

319 2294 553 2355 umoris
606 2295 702 2355 vis
745 2300 995 2373 superet
1029 2338 1270 2354 .....
1320 2302 1638 2374 praeterea
1684 2292 1885 2373 Nepos
1930 2291 2164 2353 Corne-
2204 2305 2299 2357 169

320 2390 441 2466 Iius
485 2403 694 2467 au'ctor
738 2413 831 2466 est
876 2403 1202 2466 Eudoxum
1233 2404 1551 2484 quendam
1596 2423 1710 2466 sua
1753 2411 1968 2481 aetate,
2021 2422 2161 2464 cum

322 2513 653 2593 Lathyrum
714 2535 921 2596 regem
985 2514 1254 2596 fugeret,
1318 2514 1578 2577 Arabico
1637 2516 1780 2577 sinu
1845 2534 2160 2595 egressum

313 2624 524 2687 Gades
567 2644 766 2706 usque
806 2634 1164 2706 pervectum
1201 2673 1214 2688 .
1259 2673 1274 2688 .
1315 2673 1328 2687 .
1373 2675 1387 2688 .
1437 2626 1604 2689 idem
1645 2627 1847 2708 Nepos
1892 2625 1969 2688 de
2015 2645 2162 2706 sep-
2204 2641 2297 2692 170

318 2737 668 2799 tentrionali
742 2739 1001 2800 circuitu
1067 2738 1253 2801 tradit
1326 2739 1550 2812 Quinto
1625 2737 1862 2822 Metello
1935 2737 2153 2815 Celeri,

318 2846 532 2909 Afrani
575 2849 639 2910 in
684 2850 1006 2912 consulatu
1049 2851 1349 2932 collegae,
1412 2849 1522 2912 sed
1565 2854 1697 2911 tum
1742 2846 1972 2911 Galliae
2017 2868 2163 2929 pro-

310 2960 550 3021 consuli
597 2960 780 3023 Indos
826 2981 860 3024 a
907 2981 1047 3043 rege
1096 2961 1445 3023 Sueborum
1491 2961 1652 3023 dono
1697 2959 1887 3040 datoS‚
1942 2961 2162 3041 quiex

313 3070 492 3134 India
515 3074 842 3135 commerci
870 3092 1053 3136 causa
1085 3071 1923 3155 navigantestempestatibus
1953 3080 2162 3135 essent
2197 3093 2225 3139 5

454 3273 506 3319 8.
547 3269 755 3333 fulgore
774 3270 874 3325 Ax.

453 3358 573 3405 469.
612 3357 746 3408 Μοια
770 3361 902 3417 a,·9‚
931 3361 1044 3406 90.-
1205 3359 1322 3405 470.
1363 3356 1498 3408 Μοια
1523 3360 1571 3415 a,
1603 3360 1651 3415 s,
1684 3358 1765 3405 105.
1944 3359 1995 3404 3.
2023 3355 2160 3405 sue-

315 3440 512 3492 borum
538 3442 579 3492 R
602 3445 637 3492 i.
666 3455 711 3492 e.
750 3444 912 3495 cedem
933 3442 1303 3495 Riocardo‘anue
1327 3446 1467 3494 circa
1498 3456 1548 3493 a.
1579 3455 1647 3495 uc
1672 3443 1918 3503 scriptus,
1957 3452 2161 3491 saeuo-

314 3528 478 3578 rum?
514 3528 559 3581 Ε
585 3529 873 3591 (Parisinus
896 3532 1029 3579 6795
1051 3541 1188 3580 saec.
1219 3541 1251 3578 x
1273 3530 1352 3580 vol
1377 3529 1447 3590 n)
1471 3528 1513 3578 F
1537 3529 1811 3591 (midensis
1833 3527 1991 3590 Lepsia
2012 3541 2065 3578 n.
2091 3539 2161 3577 vu

311 3617 415 3666 sivo
445 3614 774 3681 chiffletianus
796 3627 930 3667 saec.
957 3618 1026 3678 ιι)
1055 3616 1091 3665 d
1117 3614 1404 3678 (Parim
1426 3617 1560 3665 67⁹7
1584 3626 1715 3664 saec.
1745 3616 1875 3674 xm).
