2717 4159
1113 370 1441 412 nxcnnru.
2080 349 2195 411 147

352 542 567 605 Alanis
615 544 875 623 ‚genitus
936 560 1071 602 esse
1132 539 1519 620 perhibetur.
1614 546 1677 598 et
1731 540 1893 618 patri
1949 535 2204 617 quidem
2243 558 2271 604 5

356 673 581 715 nomen
640 655 858 732 Micca,
925 654 1105 715 matri
1164 650 1420 713 Hababa
1477 650 1668 712 fuisse
1730 647 1979 721 dicitur.
2096 646 2208 710 sed

355 768 510 827 haec
582 764 833 826 nomina
905 762 1273 826 Maximinus
1343 763 1563 842 primis
1621 759 2005 840 temporibus
2076 762 2209 840 ipse

356 874 652 958 prodidit,
703 885 917 956 postea
960 894 1108 937 vero
1152 874 1263 937 uhi
1310 873 1390 936 ad
1435 875 1765 953 imperium
1812 873 1985 933 venit
2013 872 2206 937 occuli

357 989 693 1068 praecepit,
747 1006 827 1048 ne
871 996 1133 1067 utroque
1177 993 1436 1066 parente
1479 983 1742 1046 barbaro
1787 986 2033 1064 genitus
2090 984 2211 1044 im-

358 1109 607 1181 perator
651 1117 791 1161 esse
832 1096 1173 1160 videretur.
2250 1107 2311 1152 4ο

459 1211 591 1295 ⁴hic
651 1208 762 1271 diu
818 1209 937 1316 sub
981 1208 1293 1270 Antonino
1338 1207 1647 1271 Caracallo
1692 1206 1944 1268 ordines
1998 1204 2197 1284 duxit,
2218 1211 2281 1267 ·4

365 1322 748 1384 centuriatus
822 1329 885 1382 et
954 1329 1192 1382 ceteras
1266 1319 1565 1381 militares
1628 1318 1961 1399 dignitates
2023 1337 2212 1399 saepe

362 1434 666 1495 tractavit.
758 1430 879 1493 sub
921 1432 1221 1510 Macrino,
1274 1428 1442 1510 quod
1486 1449 1631 1492 eum
1677 1430 1784 1510 qui
1829 1430 2216 1509 imperatoris

366 1546 461 1606 sui
507 1544 707 1606 filium
752 1541 1061 1605 occiderat
1102 1543 1508 1605 vehementer
1564 1539 1826 1617 odisset,
1895 1560 1931 1602 a
1998 1541 2225 1603 militiax

368 1654 531 1717 desit
573 1664 637 1716 et
678 1656 746 1716 in
790 1653 1046 1716 Thracia
1091 1655 1156 1715 in
1202 1656 1339 1716 vico
1382 1653 1492 1715 ubi
1540 1654 1783 1733 genitus
1806 1652 2030 1741 ¹fuerat
2070 1671 2218 1732 pos·
2255 1666 2283 1711 5

368 1768 675 1829 sessiones
732 1767 1089 1847 conparavit
1145 1786 1217 1827 ac
1274 1770 1525 1845 semper
1581 1783 1721 1825 cum
1779 1764 1990 1826 Gothis
2048 1783 2219 1825 com-

368 1878 596 1939 mercia
642 1878 940 1939 exercuit.
1037 1887 1277 1939 amatus
1323 1885 1418 1937 est
1462 1885 1667 1936 autem
1715 1876 1896 1937 unice
1954 1895 1990 1936 a
2049 1875 2217 1936 Getis

370 1989 549 2068 quasi
594 2007 809 2050 eorum
854 1989 1029 2050 civis,
1123 1988 1305 2050 Alani
1349 1989 1728 2067 quicumque
1761 1985 1840 2049 ad
1871 1988 2072 2067 ripam
2101 2005 2217 2048 ve·-

370 2108 599 2161 nerunt
642 2102 908 2161 amicum
968 2119 1114 2161 eum
1171 2099 1350 2162 donis
1402 2100 1676 2161 vicissim
1719 2097 2218 2160 recum-rentibus

371 2208 818 2291 adprobahant.
872 2209 986 2272 sed
1031 2212 1227 2273 occiso
1254 2212 1521 2272 Macrino
1566 2228 1708 2271 cum
1753 2209 1877 2272 filio
1921 2228 2054 2290 δυο,
2106 2210 2216 2272 uhi
2256 2224 2316 2268 ⁴0

371 2321 831 2403 Heliogabalum
897 2322 1075 2401 quasi
1132 2321 1429 2383 Antonini
1503 2321 1699 2382 filium
1786 2323 2219 2401 imperatorem

370 2433 664 2514 conperit,
717 2434 841 2494 iam
885 2412 1161 2495 maturae
1207 2434 1423 2495 aetatis
1478 2431 1558 2494 ad
1615 2439 1762 2495 eu'm
1805 2435 1981 2494 venit
2033 2435 2221 2514 petit-

372 2563 495 2624 que
561 2553 631 2606 ut
697 2542 864 2624 quod
920 2563 1075 2606 avus
1141 2545 1277 2606 eius
1323 2546 1594 2606 Severus
1652 2543 1865 2606 iudicii
1925 2544 2084 2606 circa
2151 2564 2216 2607 se

371 2655 674 2717 habuerat
700 2630 778 2717 ‘et
806 2656 939 2736 ipse
985 2655 1259 2717 haberet.
2145 2725 2155 2733 ,
2240 2738 2245 2749 ³

436 2814 449 2826 .
500 2768 698 2828 occiso
742 2764 1091 2830 Alexandro
1121 2760 1504 2830 Maximinus
1537 2768 1810 2847 primum
1869 2787 1902 2829 e
1961 2785 2211 2847 corpore
2249 2768 2288 2824 8

374 2879 619 2940 militari
679 2887 740 2940 et
791 2877 1069 2941 nondum
1130 2887 1376 2940 senator
1448 2880 1582 2941 sine
1651 2879 1895 2942 decreto
1969 2886 2224 2941 senatus

515 3164 564 3210 5.
604 3161 955 3223 Symmachus
980 3161 1035 3210 in
1060 3162 1251 3225 quinto
1289 3173 1416 3212 suae
1441 3161 1697 3212 historiae
1735 3162 1873 3212 libro
1895 3153 2224 3214 ‘Alexandro'

371 3247 554 3309 inquit
582 3238 827 3296 ‘Caesare
851 3249 1067 3297 mortuo
1092 3247 1412 3307 Maximinus
1437 3246 1506 3297 ab
1536 3251 1776 3299 exercitu
1802 3248 1978 3298 factus
2002 3249 2084 3298 est
2119 3249 2227 3298 im·-

373 3334 607 3396 perator‚
635 3344 702 3380 ex
724 3328 927 3382 infimis
946 3330 1264 3396 parentibus
1289 3334 1343 3382 in
1369 3333 1593 3383 Thracia
1616 3338 1796 3395 natue,
1826 3348 1857 3384 a
1880 3336 2031 3398 patre
2050 3333 2224 3384 Gotho

375 3417 592 3467 nomine
618 3417 805 3478 Micca,
845 3421 1016 3467 matre
1039 3416 1208 3467 Alana
1244 3432 1385 3482 quae
1407 3418 1593 3469 Ababa
1629 3416 1943 3471 dicebatur'.
1984 3421 2227 3470 Iordanes

325 3544 328 3547 .
376 3504 434 3554 de
452 3503 557 3553 reb.
583 3502 693 3553 Get.
714 3516 759 3552 e.
778 3506 859 3551 45.
883 3501 1011 3563 conf.
1032 3504 1307 3554 Herodian.
1334 3509 1384 3565 6,
1404 3509 1451 3554 8.
1563 3510 1612 3555 8.
1642 3505 1780 3555 aculi
1877 3509 1925 3555 9.
1956 3509 2150 3569 utroqa
2163 3506 2220 3555 P.

514 3591 563 3648 ⁴,
593 3591 643 3638 2.
685 3588 1015 3638 centuriatos
1236 3592 1283 3639 Ιι.
1324 3590 1530 3640 malitia
1554 3591 1717 3641 desiit
1736 3592 1797 3641 B.
1862 3624 1869 3629 -
2001 3594 2049 3642 8.
2079 3593 2226 3642 cives

375 3673 555 3724 halani
582 3674 684 3735 BP,
726 3674 861 3725 ciuis
886 3672 966 3724 ΡΞ.
1184 3678 1238 3723 44
1254 3713 1265 3725 .
1307 3676 1636 3740 imperatore
1663 3676 1723 3726 B.

1914 3775 2022 3826 ⁴0*
