2717 4159
549 312 671 374 146
1144 329 1218 372 nn
1265 331 1455 374 ΒΕιιο
1503 331 1782 375 scr-rmco

546 474 1076 563 administratione
1122 503 1257 562 eius
1301 500 1451 562 belli
1497 500 1666 581 obiit,
1720 502 2074 564 labentibus
2117 505 2243 564 iam
2286 503 2399 566 filii

548 612 824 675 moribus
868 610 948 673 ab
1006 613 1281 674 instituto
1329 632 1464 674 suc.
1567 613 1833 675 triennio
1890 613 2127 676 bellum
2186 624 2396 696 postea

548 743 690 786 cum
734 726 1181 788 Marcomannis
1238 723 1692 788 Hermunduris
1766 727 2092 805 SarmatiS,
2167 726 2401 799 Quadis

484 849 510 894 5
550 837 732 897 etiam
782 835 937 915 egit,
992 844 1055 896 et
1098 836 1148 896 si
1194 854 1357 897 anno
1403 855 1528 898 uno
1585 837 1995 916 superfuisset
2052 838 2405 918 provincias

550 966 630 1008 ex
672 947 769 1008 his
813 945 1081 1007 fecisset.
1790 1032 1793 1033 γ

436 1064 518 1120 28
562 1105 575 1118 .
616 1105 629 1118 .
674 1105 688 1118 .
740 1076 883 1119 cum
929 1066 1240 1138 aegrotare
1287 1059 1608 1138 coepisset,
1672 1059 1868 1121 filium
1923 1059 2248 1122 advocavit
2306 1070 2402 1123 at-

553 1188 674 1249 que
731 1168 810 1231 ab
857 1154 941 1230 ¹eo
995 1168 1264 1250 primum
1322 1170 1502 1250 petiit
1570 1179 1640 1232 ut
1699 1169 1844 1232 belli
1901 1164 2196 1252 reliquias
2274 1192 2399 1234 non

552 1288 991 1359 contemneret,
1045 1299 1124 1342 ne
1153 1280 1476 1343 videretur
1517 1280 1966 1361 rempublicam
2003 1282 2291 1363 prodere.
2342 1293 2404 1344 et

551 1411 692 1454 cum
724 1391 889 1453 filius
919 1392 973 1452 ei
1018 1391 1443 1472 respondisset
1476 1411 1705 1474 cupere
1751 1413 1819 1455 se
1848 1396 2121 1474 primum
2166 1395 2404 1457 sanita-

550 1514 696 1577 tem,
747 1514 818 1565 ut
856 1504 1045 1564 vellet
1085 1504 1390 1584 permisit,
1440 1514 1661 1585 petens
1705 1513 1912 1567 tamen
1954 1514 2024 1568 ut
2069 1516 2403 1587 expectans

441 1612 455 1635 ⁸
551 1634 781 1696 paucos
826 1614 961 1677 dies
1006 1614 1157 1676 haut
1199 1616 1385 1677 simul
1431 1615 1943 1696 proficisceretur.

439 1734 522 1789 29
565 1775 577 1788 .
618 1775 631 1788 .
676 1774 690 1788 .
728 1735 869 1789 ante
913 1728 1163 1808 tempus
1192 1745 1343 1788 sane
1377 1729 1608 1806 mortis,
1660 1730 2024 1809 priusquam
2056 1727 2136 1790 ad
2165 1728 2400 1790 bellum

552 1838 1108 1925 Marcomannicum
1153 1825 1405 1918 rediret,
1460 1841 1524 1900 in
1555 1838 1848 1919 Capitolio
1894 1841 2121 1903 iuravit
2155 1840 2399 1902 nullum

554 1959 899 2013 senatorem
946 1969 1013 2011 se
1058 1951 1287 2011 sciente
1333 1950 1628 2012 occisum.

838 2242 942 2302 DE
985 2242 1226 2304 BELLO
1272 2242 1649 2305 SGYTHICO
1685 2242 2160 2345 EXGERPTA·

930 2362 1027 2413 Ex
1062 2363 1220 2412 IVLII
1256 2362 1626 2415 CAP1TOL1N1
1663 2363 2033 2423 mxmims

492 2510 517 2562 1
689 2509 1082 2587 Maximinus,
1132 2509 1338 2569 senior
1404 2508 1524 2570 sub
1597 2507 1949 2572 Alexandro
2037 2511 2407 2590 imperatore

472 2599 476 2604 ’
558 2620 796 2699 enituit,
850 2620 1112 2680 militare
1158 2627 1365 2680 autem
1413 2620 1532 2681 sub
1578 2623 1807 2683 Severo
1853 2623 2073 2702 coepit.
2180 2622 2278 2683 hic
2321 2621 2401 2684 de

555 2733 690 2792 vico
737 2731 1068 2810 Threiciae,
1124 2732 1325 2793 vicino
1368 2728 1671 2812 barbaris,
1708 2732 1974 2795 barbaro
2015 2735 2200 2796 etiam
2228 2742 2403 2813 patre

559 2851 620 2903 et
662 2850 855 2904 matre
901 2843 1178 2923 genituS,
1232 2861 1492 2922 quorum
1542 2845 1695 2905 alter
1738 2863 1772 2907 e
1819 2844 2064 2924 Gothia,
2128 2845 2283 2907 alter
2326 2864 2401 2906 ex

700 3043 783 3101 27,
826 3043 875 3090 2.
918 3039 1027 3090 obii
1052 3041 1113 3091 B.
1329 3042 1378 3089 4.
1418 3039 1804 3106 hermynduris
1827 3043 1887 3092 B.

695 3120 872 3186 28‚’2.
912 3126 1048 3190 petit
1150 3125 1282 3175 uelli
1308 3126 1370 3186 B,
1409 3139 1531 3178 corr
1553 3129 1611 3179 P.
1802 3131 1850 3178 3.
1892 3129 2315 3195 condempneret
2338 3132 2400 3192 B,

559 3214 965 3276 contempneret
987 3212 1046 3262 P.
1154 3217 1340 3262 narrat
1365 3213 1537 3264 Aelius
1563 3214 1886 3277 Lampridius
1915 3217 1969 3265 in
1999 3215 2264 3268 Commodo
2297 3230 2340 3267 c.
2374 3212 2420 3266 θ’

557 3298 763 3348 bellum
788 3297 972 3357 etiam,
1002 3298 1149 3361 quod
1185 3300 1339 3362 pater
1362 3312 1535 3363 paene
1561 3298 1883 3361 confecerat,
1927 3301 2138 3364 legibus
2161 3302 2399 3353 hostium

558 3384 810 3434 addictus
834 3383 1045 3433 remisit
1068 3396 1131 3437 ac
1154 3383 1377 3434 Romam
1402 3398 1655 3435 reversus
1680 3388 1779 3436 est.
1823 3386 1954 3449 conf.
1982 3387 2260 3440 Heracliani
2281 3389 2401 3443 hist.

561 3475 607 3529 4,
637 3473 685 3518 6.
728 3470 825 3520 Dio
854 3471 934 3528 72,
968 3472 1117 3518 4-3.

695 3557 779 3614 29,
822 3557 869 3603 2.
910 3555 1413 3604 marcumannicum
1438 3556 1499 3605 B.
1715 3558 1762 3606 Β.
1805 3558 2065 3608 scientem
2090 3559 2150 3608 B.

697 3644 744 3699 4,
787 3643 836 3688 3.
887 3639 1051 3689 uicini
1077 3640 1184 3701 BP,
1263 3653 1384 3690 corr
1421 3640 1762 3693 casaubonus,
