2717 4159
853 331 904 371 Ε·
921 326 1101 371 ΡιῐΝιι
1132 326 1303 371 uno
1335 324 1560 371 xxxvn.
2016 311 2137 371 113

282 500 379 577 rit,
433 498 743 578 ploratum
789 497 1054 559 adierint
1084 496 1313 558 Indos‘?
1370 497 1522 577 quid
1553 499 1747 578 ergo‘?
1790 516 1916 559 non
1950 497 2137 561 multa

282 626 482 688 aeque
527 608 806 671 fabulosa
849 609 1123 689 produnt
1162 610 1428 689 poetae?
1488 608 1602 670 sed
1660 610 1774 671 hoc
1832 610 1895 670 in
1952 629 2024 671 ea
2068 631 2137 672 re

285 738 444 799 quae
501 719 722 781 cotidie
779 721 1111 781 invehatur
1153 730 1339 800 atque
1410 720 1688 782 abundet
1745 740 1816 782 ac
1875 722 2138 784 menda-—

285 832 449 893 cium
479 840 768 912 coarguat
812 833 969 892 serio
1016 848 1393 912 quemquam
1455 832 1688 896 dixisse
1736 850 1979 894 summa
2024 834 2138 894 ho-

284 945 524 1005 minum
574 944 945 1023 contemptio
989 953 1082 1004 est
1138 953 1200 1004 et
1244 943 1628 1005 intoleranda
1673 944 2137 1006 mendaciorum
2180 961 2237 1004 ιο

283 1056 619 1135 inpunitas,

412 1177 647 1228 certum
694 1169 789 1227 est
829 1167 999 1246 gigni
1028 1168 1095 1227 in
1125 1167 1345 1231 insulis
1377 1168 1875 1247 septentrionalis
1900 1168 2133 1230 Oceani
2170 1176 2239 1226 42

282 1288 343 1340 et
388 1277 467 1339 ab
512 1278 835 1339 Germanis
881 1278 1178 1358 appellari
1210 1278 1507 1357 glaesum‚
1550 1280 1768 1359 ‘itaque
1815 1290 1876 1340 et
1906 1280 1986 1341 ab
2017 1299 2133 1341 no-

281 1391 422 1451 stris
465 1389 547 1450 ob
593 1388 659 1450 id
703 1404 894 1450 unam
937 1389 1283 1451 insularum
1329 1390 1705 1451 Glaesariam
1762 1382 2131 1473 appellatam

280 1501 645 1563 Germanico
687 1500 953 1562 Caesare
997 1520 1098 1562 res
1154 1501 1239 1563 ibi
1296 1511 1549 1582 gerente
1596 1503 1928 1584 classibus,
1997 1504 2130 1567 Au-

279 1613 608 1674 steraviam
667 1632 700 1674 a
745 1612 1029 1674 barbaris
1074 1611 1329 1674 dictam.
1411 1615 1687 1676 nascitur
1745 1623 1952 1675 autem
2013 1613 2130 1674 de-
2169 1627 2197 1672 5

277 1722 508 1786 fluente
555 1722 829 1785 medulla
872 1725 1043 1804 pinei
1088 1727 1333 1804 generis
1380 1724 1709 1788 arboribus
1752 1734 1823 1786 ut
1866 1726 2128 1786 cummis

276 1838 341 1895 in
387 1838 632 1915 cerasiS,
685 1835 890 1896 resina
934 1837 999 1896 in
1043 1837 1231 1916 pinis,
1315 1839 1586 1916 erumpit
1628 1838 1862 1898 umoris
1922 1836 2130 1897 abun·-

276 1946 519 2026 dantia,
574 1948 870 2008 densatur
912 1950 1109 2028 rigore
1153 1948 1255 2008 vel
1297 1956 1576 2029 tempore
1623 1957 1729 2010 aut
1759 1949 1930 2026 mari,
1985 1966 2128 2009 cum

273 2075 421 2120 vere
465 2060 890 2121 ‘intumescens
935 2067 1142 2120 aestus
1188 2060 1394 2138 rapuit
1436 2078 1515 2120 ex
1543 2060 1798 2136 insulis3
1852 2066 2015 2120 certe
2061 2061 2126 2119 in

274 2172 449 2232 litora
513 2171 844 2252 expellitur
898 2171 982 2231 ita
1043 2169 1315 2232 volubile
1376 2181 1446 2233 ut
1497 2172 1775 2253 pendere
1837 2171 2125 2233 videatur
2164 2186 2224 2230 lo

272 2294 465 2362 aqua,
533 2290 659 2344 non
709 2282 923 2345 ’sidere
980 2284 1046 2352 in
1101 2282 1286 2344 vado.
1395 2283 1633 2344 arboris
1700 2301 1917 2345 sucum
1982 2300 2122 2344 esse
2160 2300 2224 2351 43

270 2396 457 2455 etiam
503 2396 689 2473 prisci
735 2395 925 2456 nostri
971 2394 1327 2473 credidere,
1405 2395 1484 2456 ob
1541 2395 1609 2456 id
1667 2396 1953 2456 sucinum
2010 2414 2125 2475 ap·—

269 2506 598 2586 pellantes.
690 2507 862 2586 pinei
907 2516 1113 2567 autem
1160 2508 1407 2586 generis
1441 2506 1677 2568 arboris
1720 2522 1862 2568 esse
1894 2505 2121 2567 indicio

408 2865 456 2910 8.
499 2861 746 2911 inventur
769 2858 891 2921 ΒΨ,
934 2860 1239 2909 inveniatur
1261 2856 1343 2909 B2.
1514 2864 1565 2911 9.
1594 2860 2031 2924 quendamquam
2057 2861 2117 2923 B,

268 2958 600 3010 quamquam
623 2947 684 2995 F.
866 2950 946 2994 40.
989 2946 1261 2997 contentio
1295 2946 1394 3011 Ber.

408 3034 491 3091 42,
520 3035 569 3080 2.
612 3031 851 3094 glessum
870 3032 967 3092 FL,
997 3031 1233 3095 glassum
1258 3044 1308 3080 a.
1492 3034 1539 3080 3.
1583 3032 1865 3093 glesariam
1889 3033 1946 3092 F,
1976 3032 2121 3094 gles-

267 3118 460 3168 sariam
486 3119 577 3167 La.
689 3117 960 3167 Glaesaria
977 3145 1032 3152 -
1053 3118 1295 3180 glaesum
1323 3116 1567 3168 Solinus?
1593 3122 1675 3179 20,
1708 3122 1755 3168 8.
1793 3122 1873 3168 ⁴3.

270 3206 317 3253 4.
356 3207 627 3253 austeram
652 3205 797 3253 viam
820 3204 879 3264 B,
920 3204 1242 3252 austraviam
1267 3204 1323 3254 L.
1513 3208 1561 3252 6.
1605 3205 1809 3266 gummi
1834 3186 1917 3264 132,
1959 3217 2120 3266 gum-

265 3289 365 3337 mis
389 3288 447 3338 Ρ.
595 3295 643 3339 8.
684 3292 925 3353 tempore
952 3288 1030 3339 ΡΙ.
1056 3280 1282 3339 Ιεῑάόναε
1312 3293 1395 3350 46,
1426 3293 1471 3348 8,
1506 3292 1532 3337 7
1569 3290 1717 3355 (conf.
1749 3288 1908 3340 Sotin.
1938 3292 2114 3352 20‚9),

265 3376 494 3438 tempori
522 3388 572 3435 a,
611 3374 852 3440 pondere
878 3376 938 3424 Β.
1130 3379 1178 3424 9.
1221 3386 1349 3424 vere
1376 3374 1707 3436 DetlefsenuS,
1748 3384 1878 3424 vero
1906 3374 1957 3437 L,
2002 3376 2117 3438 ipse

265 3460 323 3521 B,
354 3470 436 3509 om
458 3476 517 3512 ω.
717 3464 801 3509 Μ.
842 3474 997 3523 aqua,
1028 3470 1136 3509 non
1163 3461 1340 3510 sidere
1368 3460 1700 3522 DetlefsenuS,
1729 3463 1893 3524 atque
1918 3473 2017 3510 nos
2043 3463 2119 3512 si-

266 3545 394 3595 dere
421 3546 477 3608 F,
519 3547 682 3609 atque
707 3560 755 3607 a,
788 3552 870 3595 om
896 3546 993 3596 Boe.
1211 3550 1295 3596 43.
1340 3551 1387 3598 4.
1431 3550 1483 3596 in
1510 3549 1666 3597 vado,
1707 3546 1934 3596 Roboris
1962 3547 2019 3607 B,
2062 3548 2116 3596 in

264 3632 399 3682 vado
425 3624 618 3683 arbore
644 3628 698 3692 F,
739 3632 794 3681 in
820 3632 1012 3683 arbore
1038 3644 1088 3693 a,
1128 3634 1275 3696 quod
1295 3634 1352 3682 L.
1465 3632 1603 3695 esse]
1633 3640 1752 3682 esse
1777 3632 2036 3686 arborum
2057 3637 2110 3686 L.

1470 3754 1505 3761 ···
1813 3741 1839 3784 8

347 3804 374 3827 d*
