2717 4159
847 297 922 339 DE
968 298 1157 343 amo
1201 277 1713 343 maconmmco.'
2072 281 2193 341 145

340 465 723 528 deditionem
782 468 1274 544 MarcomannoS‚
1347 467 1635 548 plurimis
1678 470 1741 531 in
1788 468 2023 533 Italiam
2065 470 2194 532 tra-

341 576 568 639 ductis.
611 625 625 639 .
669 624 682 638 .
734 578 909 651 multi
955 577 1195 639 nobiles
1238 578 1402 641 bello
1455 578 1815 643 Germanico
1862 580 1995 641 sive
2014 582 2192 645 ,Mar-
2225 652 2229 656 ,

340 691 723 769 comannico,
776 691 928 753 imm
992 689 1403 769 plurimarum
1448 691 1744 770 gentium,
1796 691 2185 755 interierunt.

352 847 407 861 ..
440 799 794 880 frequenter
839 801 1019 863 amici
1064 809 1397 863 suaserunt
1439 812 1510 863 ut
1538 820 1575 863 a
1617 801 1797 864 bellis
1843 801 2193 869 discederet

342 921 410 973 et
450 913 704 974 Romam
749 912 1019 990 veniret,
1072 911 1188 1005 sed
1230 913 1334 973 ille
1377 914 1745 995 contempsit
1786 933 1858 975 ac
1886 915 2184 995 perstitit,

349 1042 465 1085 nec
507 1024 682 1103 prius
725 1024 982 1085 recessit
1040 1040 1226 1103 quam
1272 1025 1477 1088 omnia
1523 1025 1683 1087 bella
1744 1025 1968 1089 finiret.
2046 1044 2195 1107 pro-

347 1135 586 1196 vincias
631 1154 710 1196 ex
750 1134 1294 1215 proconsularibus
1348 1136 1707 1199 consulares
1759 1145 1865 1199 aut
1920 1156 2000 1198 ex
2042 1156 2194 1200 con-

350 1245 661 1335 sularibus
689 1246 1159 1327 proconsulares
1202 1254 1309 1309 aut
1349 1248 1686 1326 praetorias
1730 1265 1841 1327 pro
1883 1246 2032 1309 belli
2078 1267 2194 1310 ne-

347 1359 630 1423 cessitate
678 1357 821 1421 fecit
854 1404 868 1417 .
909 1404 922 1421 .
970 1406 983 1418 .
1035 1356 1158 1418 filio
1204 1356 1571 1435 Commod0‚
1640 1360 1933 1421 accersito
1991 1358 2071 1423 ad
2112 1360 2194 1420 li-

349 1471 579 1548 mitem,
632 1478 832 1550 togam
877 1467 1122 1531 virilem
1172 1466 1367 1531 dedit.

2234 489 2293 534 40

2232 1039 2292 1087 ⁴5

410 1627 424 1640 .
470 1628 483 1641 .
533 1579 762 1642 absens
790 1580 1002 1660 populi
1046 1581 1303 1643 Romani
1348 1581 1696 1661 voluptates
1753 1555 1953 1645 curari
1997 1583 2195 1645 vehe-
2229 1592 2309 1647 ²3

351 1699 592 1757 menter
635 1692 947 1772 praecepit
989 1711 1103 1772 per
1133 1690 1468 1755 ditissimos
1498 1691 1786 1755 editores.
1882 1692 1996 1757 fuit
2024 1694 2191 1755 enim

351 1804 575 1883 populo
621 1803 722 1864 hic
765 1821 988 1881 sermo,
1041 1822 1182 1864 cum
1237 1804 1596 1867 sustulisset
1658 1802 1738 1867 ad
1780 1802 2017 1869 bellum
2063 1804 2195 1886 gla-

354 1914 652 1994 diatores,-
694 1912 860 1994 quod
902 1915 1204 1994 populum
1248 1915 1508 1979 sublatis
1538 1915 1962 1996 voluptatibus
2007 1917 2198 1979 vellet

347 2044 566 2107 cogere
613 2003 1205 2106 ad'philosophiam.
1249 2071 1261 2084 .
1307 2073 1319 2086 .

470 2183 482 2195 .
549 2137 919 2216 aequitatem
976 2145 1183 2199 autem
1246 2140 1430 2199 etiam
1491 2138 1651 2200 circa
1717 2147 1924 2219 captos
1990 2139 2196 2200 hostes

349 2245 728 2309 custodivit.-
809 2247 1081 2309 infinitos
1139 2267 1218 2309 ex
1275 2249 1564 2329 gentibus
1621 2252 1686 2309 in
1753 2250 2025 2311 Romano
2070 2249 2196 2311 solo

350 2358 686 2422 collocavit.
793 2358 1028 2421 fulmen
1088 2358 1168 2421 de
1223 2361 1392 2422 caelo
1449 2360 1742 2442 precibus
1801 2362 1930 2422 suis
1988 2369 2199 2423 contra

352 2469 618 2535 hostium
661 2471 1226 2533 machinamentum
1285 2472 1572 2552 extorsit,
1646 2473 1778 2535 suis
1820 2472 2034 2554 pluvia
2076 2473 2201 2532 im-

350 2589 587 2661 petrata
630 2600 771 2645 cum
815 2584 917 2645 siti
959 2582 1329 2647 laborarent.
1435 2584 1630 2649 voluit
1683 2585 2198 2647 Marcomanniam

353 2688 767 2773 provinciam,
831 2694 1026 2757 voluit
1068 2695 1252 2757 etiam
1297 2696 1663 2761 Sarmatiam
1706 2696 1950 2776 facere,
2004 2703 2065 2756 et
2107 2695 2203 2757 fe-

350 2778 562 2867 cisset‘
592 2805 712 2866 nisi
760 2803 1024 2869 Avidius
1077 2805 1325 2871 Cassius
1382 2806 1744 2869 rebellasset
1800 2806 1921 2868 sub
1982 2804 2201 2871 eodem

355 2916 418 2976 in
479 2917 736 2977 oriente.
776 2962 790 2976 .
836 2964 850 2977 .
942 2917 1152 3005 relicto
1219 2936 1364 2998 ergo
1430 2918 1762 2980 Sarmatico
1825 2919 2205 2979 Marcoman-

351 3028 614 3107 nicoque
660 3027 822 3090 bello
863 3037 1072 3090 contra
1117 3027 1401 3090 Cassium
1445 3028 1753 3108 profectus
1804 3037 1919 3090 est.

476 3185 489 3197 .
563 3138 709 3200 dein
766 3138 846 3201 ad
914 3138 1364 3202 conficiendum
1421 3136 1662 3202 bellum
1732 3158 2071 3202 conversus
2138 3141 2205 3202 in

496 3413 577 3462 ⁴0.
617 3422 1030 3465 marcomannus
1055 3416 1116 3476 B,
1161 3428 1282 3466 corr
1306 3415 1364 3468 P.
1578 3418 1659 3464 ⁴⁴.
1691 3419 1745 3465 et
1770 3427 1853 3465 om
1878 3416 1937 3465 B.

492 3499 581 3559 23,
620 3499 671 3546 4.
710 3497 1021 3563 voluptatiS‚
1052 3513 1176 3551 corr
1197 3497 1274 3550 ΡΞ.

496 3584 577 3642 24,
623 3586 670 3631 6.
713 3586 1030 3651 sarmaciam
1058 3587 1119 3636 B.
1296 3590 1383 3646 25,
1427 3588 1474 3636 4.
1515 3584 1716 3635 relecto
1755 3586 1815 3636 B.

1941 3692 2002 3737 ⁴⁰

2235 2150 2313 2204 ²4

2240 2924 2322 2979 25

2242 3142 2323 3198 27
