2717 4159
1091 306 1415 351 axonam-A.
2054 289 2167 350 151

448 475 702 541 Claudio
772 478 959 563 igitur
1037 479 1366 561 scriptores
1432 474 1788 556 adulamuS,
1865 478 1972 557 qui
2038 474 2161 539 duo
2200 485 2239 540 8
2334 501 2343 515 ·

319 589 488 651 milia
533 589 790 651 navium
834 587 1240 653 barbararum
1300 597 1363 651 et
1404 596 1676 651 trecenta
1722 588 1942 669 viginti
2003 588 2172 650 milia

325 709 702 763 armatorum
748 698 982 763 delevit
1010 701 1317 781 oppressit
1346 698 1624 777 adtrivit,
1652 699 1762 780 qui
1790 700 2174 780 carraginem

322 821 593 891 tantam,
647 821 945 893 quantam
990 830 1291 874 numerus
1339 812 1443 873 hic
1499 820 1872 905 armatorum
1927 809 2178 872 sibimet

325 932 538 1004 aptare
582 924 782 1004 potuit
839 930 901 984 et
951 941 1203 1004 parare,
1279 940 1448 984 nunc
1514 921 1952 1001 incendefecit,
2006 941 2175 984 nunc
2212 940 2240 986 5

323 1054 470 1097 cum
513 1032 804 1097 omnibus
848 1033 1095 1096 familiis
1137 1034 1411 1111 Romano
1441 1034 1694 1096 servitio
1722 1032 2062 1114 deputavit,
2108 1041 2178 1095 ut

327 1145 584 1207 docetur
627 1143 910 1208 eiusdem
941 1145 1199 1227 epistola
1229 1164 1420 1225 quam
1466 1143 1547 1206 ad
1576 1144 1802 1207 lulium
1840 1145 2176 1207 Brocchum

327 1258 574 1338 scripsit
637 1257 950 1337 Illyricum
1026 1265 1327 1318 tuentem.
1467 1254 1797 1319 ‘Claudius
1888 1256 2171 1329 Broccho.

331 1368 678 1431 delevimus
742 1375 1015 1449 trecente
1081 1366 1315 1448 viginta
1389 1366 1557 1428 milia
1603 1366 1972 1446 Gothorum,
2054 1364 2179 1428 duo

331 1480 496 1541 milia
545 1481 801 1543 navium
846 1479 1198 1542 mersimus.
1249 1486 1412 1541 tecta
1455 1486 1602 1541 sunt
1644 1477 1904 1541 flumina
1960 1479 2177 1554 scutiS,
2220 1497 2282 1543 ⁴0

335 1591 570 1672 spathis
615 1599 677 1653 et
718 1589 1008 1653 lanceolis
1054 1590 1261 1653 omnia
1303 1589 1480 1653 litora
1510 1586 1939 1671 opperiuntur.
2008 1607 2181 1651 cam-

317 1704 405 1783 -pi
449 1701 690 1767 ossibus
734 1702 926 1765 latent
965 1702 1127 1781 tecti,
1181 1701 1425 1765 nullum
1470 1703 1589 1763 iter
1629 1719 1860 1783 purum
1905 1708 2018 1763 est.
2080 1701 2184 1762 in·-

333 1831 489 1895 gens
530 1830 778 1894 carrago
822 1811 1068 1875 deserta
1132 1821 1256 1875 est:
1321 1822 1565 1875 tantum
1622 1812 1954 1875 mulierum
2011 1812 2184 1893 cepi-

304 1943 477 2005 „mus
522 1933 592 1987 ut
631 1923 813 1987 binas
877 1933 938 1986 et
980 1932 1191 1987 ternas
1236 1925 1532 1987 mulieres
1588 1925 1785 1988 victor
1827 1924 1947 1986 sibi
2006 1923 2185 1987 miles

339 2036 534 2116 possit
597 2035 983 2116 adiungere!
1040 2069 1127 2081 —
1181 2016 1528 2117 pugnatum
1594 2045 1689 2100 est
1772 2037 1940 2099 enim
2009 2034 2179 2117 apud
2215 2045 2259 2103 9

339 2149 575 2211 Moesos
618 2156 681 2208 et
723 2146 914 2211 multa
966 2146 1202 2229 proelia
1245 2147 1501 2213 fuerunt
1542 2146 1714 2229 apud
1769 2149 2185 2229 Marcianopo-

336 2260 455 2337 liu‚
509 2257 685 2323 multi
729 2257 1046 2339 naufragio
1103 2259 1455 2340 perierunt,
1523 2260 1806 2341 plerique
1852 2261 2015 2341 capti
2072 2278 2186 2320 re-

337 2389 448 2452 ges
466 2418 482 2450 ‚
556 2379 769 2452 captae
814 2368 1200 2433 diversarum
1263 2372 1541 2452 gentium
1594 2369 1834 2435 nobiles
1891 2370 2179 2450 feminae,

261 2541 266 2547 ,
338 2482 607 2562 inpletae
650 2480 932 2547 barbaris
986 2482 1187 2544 servis
1243 2481 1627 2564 senibusque
1683 2481 2021 2545 cultoribus
2066 2483 2187 2544 Ro·
2225 2505 2253 2551 5

341 2611 562 2655 manae
604 2593 984 2675 provinciae.
1091 2592 1290 2656 factus
1333 2594 1515 2656 miles
1573 2611 1652 2655 ex
1718 2591 2012 2672 barbaro,
2081 2612 2188 2655 co-

338 2704 520 2767 lonus
578 2723 613 2766 e
659 2705 851 2767 Gotho
866 2752 882 2784 ‚
958 2723 1074 2766 nec
1117 2703 1243 2768 ulla
1301 2705 1418 2767 fuit
1462 2706 1642 2786 ¹regio
1700 2723 1862 2785 quae
1922 2705 2188 2768 Gothum

337 2834 592 2879 servum
648 2815 1005 2897 triumphali
1062 2815 1333 2896 quodam
1399 2818 1650 2880 servitio
1721 2836 1847 2878 non
1902 2816 2179 2881 haberet.

346 2925 498 3006 quid
569 2927 758 2991 boum
832 2927 1238 2991 barbarorum
1314 2929 1506 2990 nostri
1580 2925 1796 2993 videre
1882 2928 2179 2991 maiores!

344 3036 498 3118 quid
540 3038 777 3101 ovium!
860 3038 1015 3121 quid
1067 3057 1405 3120 equarum,
1474 3057 1631 3122 quas
1673 3038 1836 3103 fama
1880 3039 2180 3119 nobilitat,
2229 3061 2288 3106 ιο

482 3349 531 3406 8,
562 3349 609 3396 Ιι.
648 3312 937 3398 adulamur
959 3350 1020 3400 B.
1163 3352 1213 3398 5.
1255 3346 1618 3399 incendefecit
1643 3347 1957 3407 Salmasius,
2001 3310 2190 3399 incen-

340 3429 561 3483 diarecit
770 3438 815 3484 7.
858 3433 1017 3485 docet
1040 3435 1098 3486 Β.
1297 3438 1382 3484 Η.
1423 3435 1587 3499 spatis
1786 3437 1868 3485 42.
1911 3435 1994 3484 est
2017 3447 2102 3484 om
2127 3434 2186 3484 Β.

478 3520 528 3578 9,
561 3520 610 3567 2.
655 3531 860 3568 messos
883 3519 942 3569 B.
1088 3519 1531 3584 marcianopolim
1551 3521 1608 3571 Ρ.
1790 3523 1841 3569 6.
1882 3519 2040 3573 miles
2064 3518 2195 3571 bar-

344 3601 480 3665 bari,
520 3616 641 3655 corr
664 3604 1026 3656 Momm-tonus.
1249 3610 1301 3657 9.
1340 3604 1547 3659 bonum
1572 3605 1630 3659 Β.
1672 3603 1920 3657 bo-umP.
