2717 4159
449 590 514 637 27

452 1157 514 1203 28

450 1704 513 1751 29

451 2381 512 2426 3⁰

453 2827 507 2871 34

550 278 632 342 82
1004 299 1037 340 E
1071 297 1353 342 ronow
1384 298 1575 341 unm
1607 296 1779 341 113113
1810 298 1900 341 111.

550 468 687 528 ritia
741 475 857 529 est.
950 467 1069 528 viri
1139 469 1306 547 sagis
1345 468 1633 529 velantur
1697 476 1803 530 aut
1857 467 2033 530 libris
2078 467 2393 546 arborum,

552 581 837 658 quamvis
882 596 1066 640 saeva
1122 579 1350 640 hieme.
1456 579 1648 641 nandi
1703 598 1827 640 non
1881 580 2177 659 patientia
2254 587 2400 640 tan-

550 700 682 752 tum
726 690 867 769 11113,
919 688 1194 751 studium
1239 691 1423 751 etiam
1468 699 1583 751 est.
1696 689 1857 751 bella
1916 709 2059 752 cum
2117 690 2400 752 finitimis

549 811 804 882 gerunt:
856 820 1073 863 causas
1117 818 1330 862 eorum
1377 819 1455 862 ex
1499 800 1758 863 libidine
1801 810 2137 881 arcessunt,
2187 820 2397 882 neque

553 911 925 993 inperitandi
968 910 1441 993 prolatandique
1506 930 1666 992 quae
1731 912 2050 993 possident
2104 910 2265 993 (nam
2308 932 2393 974 ne

553 1025 654 1085 illa
700 1023 952 1103 quidem
999 1026 1182 1086 enixe
1226 1024 1452 1108 colunt)
1482 1069 1497 1102 ‚
1550 1022 1662 1087 sed
1705 1033 1775 1085 ut
1816 1026 1976 1086 circa
2019 1025 2187 1104 ipsos
2233 1043 2396 1104 quae

551 1138 756 1198 iacent
795 1144 969 1198 vasta
1011 1137 1157 1197 sint.
1249 1138 1348 1199 ius
1393 1137 1459 1196 in
1503 1135 1743 1197 viribus
1787 1135 2049 1215 habent,
2116 1135 2272 1198 adeo
2327 1145 2400 1198 ut

552 1265 631 1308 ne
677 1248 976 1309 latrocinii
1021 1246 1275 1327 quidem
1317 1246 1573 1328 pudeat,
1612 1256 1852 1310 tantum
1874 1247 2221 1329 hospitibus
2243 1247 2394 1309 boni

551 1363 857 1440 mitesque
899 1358 1304 1439 supplicibus,
1356 1360 1524 1421 victu
1567 1360 1651 1421 ita
1694 1362 1898 1440 asperi
1943 1359 2283 1439 incultique
2329 1368 2400 1421 ut

551 1466 742 1530 cruda
800 1470 980 1530 etiam
1040 1488 1224 1531 carne
1277 1479 1615 1533 vescantur
1666 1480 1773 1532 aut
1825 1473 2057 1532 recenti
2095 1448 2208 1532 'aut
2252 1490 2393 1533 cum

551 1580 850 1659 rigentem
904 1582 971 1641 in
1016 1583 1166 1661 ipsis
1208 1580 1522 1661 pecudum
1578 1582 1972 1661 ferarumque
2017 1582 2198 1643 coriis
2258 1601 2398 1643 ma-

554 1690 739 1752 nibus
815 1691 1210 1772 pedibusque
1294 1691 1642 1773 subigendo
1721 1701 2119 1755 renovarunt.
2232 1701 2395 1755 terra

553 1804 686 1881 ipsa
744 1803 952 1865 multis
1009 1791 1284 1884 inpedita
1340 1803 1703 1866 fluminibus
1721 1851 1737 1884 ,
1814 1804 2023 1865 multis
2079 1803 2396 1866 montibus

550 1931 766 1993 aspera
812 1923 878 1975 et
915 1933 1135 1996 magna
1181 1933 1264 1975 ex
1288 1925 1464 1995 parte
1492 1916 1668 1978 silvis
1710 1935 1782 1977 ac
1816 1913 2151 1996 paludibus
2194 1915 2388 1977 invia.

550 2023 850 2104 paludum
895 2027 1156 2105 Suesia‚·
1183 2028 1356 2088 Metia
1404 2035 1467 2087 et
1506 2026 1879 2107 Melsyagum
1917 2028 2239 2106 maximae,
2279 2027 2397 2088 sil-

550 2155 770 2198 varum
814 2138 1149 2217 Hercynia,
1203 2147 1267 2198 et
1307 2137 1544 2217 aliquot
1582 2146 1732 2199 sunt
1773 2157 1935 2217 quae
1996 2156 2221 2199 nomen
2277 2138 2393 2200 ha-

550 2246 731 2326 bent,
786 2247 895 2310 sed
953 2248 1054 2311 illa
1114 2249 1356 2311 dierum
1415 2250 1732 2329 sexaginta
1791 2251 1907 2310 iter
1962 2268 2268 2329 occupans
2323 2258 2397 2312 ut

551 2360 746 2420 maior
770 2359 906 2421 aliis
935 2361 1019 2421 ita
1049 2370 1112 2421 et
1139 2362 1356 2422 notior.
1415 2363 1714 2421 montium
1744 2360 2021 2422 altissimi
2051 2360 2301 2422 Taunus
2331 2370 2393 2422 et

551 2472 780 2551 Eetion,
831 2472 951 2533 nisi
996 2490 1259 2551 quorum
1303 2474 1552 2533 nomina
1595 2473 1707 2533 vix
1749 2480 1844 2533 est
1889 2467 2092 2551 eloqui
2136 2489 2242 2532 ore
2270 2472 2395 2532 Ro-
2426 2460 2435 2464 ’

550 2601 753 2644 mano.
860 2582 1132 2646 amnium
1177 2586 1243 2644 in
1287 2584 1442 2645 alias
1481 2592 1696 2664 gentes
1757 2585 2121 2653 exeuntium
2170 2583 2395 2644 Danu-

553 2693 695 2757 bius
738 2703 800 2757 et
841 2694 1193 2775 Rhodanus,
1245 2696 1311 2756 in
1355 2694 1638 2756 Rhenum
1684 2696 1915 2756 Moenis
1959 2704 2021 2756 et
2062 2695 2272 2775 Lupia,
2324 2695 2392 2754 in

553 2805 870 2868 Oceanum
897 2804 1143 2886 Amisis,
1195 2808 1474 2888 Visurgis
1503 2815 1565 2867 et
1592 2805 1767 2868 Albis
1807 2806 2153 2867 clarissimi.
2203 2823 2396 2885 super

551 2915 758 2979 Albim
803 2917 1088 2981 Codanus
1131 2919 1352 2999 ingens
1396 2920 1571 2980 sinus
1613 2918 1854 2998 magnis
1896 2919 2229 2997 parvisque
2287 2917 2392 2976 in·-

552 3027 703 3090 sulis
747 3028 1009 3090 refertus
1053 3038 1167 3090 est.
1260 3030 1376 3090 hac
1417 3047 1484 3090 re
1530 3047 1720 3108 mare,
1774 3027 1941 3108 quod
1983 3028 2213 3107 gremio
2250 3027 2392 3088 lito-

687 3263 771 3321 27,
802 3265 954 3310 2—6.
990 3260 1302 3312 Gaesao-BG.
1333 3263 1524 3321 ⁴,a‚⁴.
1567 3244 1730 3320 esea,
1757 3262 1875 3308 με.
1952 3260 2174 3319 27,4.5.
2205 3256 2314 3307 BG.
2334 3262 2384 3317 6,

551 3350 635 3406 22,
663 3349 709 3395 4.
853 3351 900 3395 6.
943 3347 1052 3397 sint
1075 3360 1287 3398 corre-v
1322 3347 1543 3396 sinunt?
1566 3346 1623 3406 A,
1665 3346 1849 3395 sinunt
1871 3345 1953 3395 vel
1987 3343 2165 3392 sinant
2186 3357 2245 3394 x.

553 3435 634 3492 28,
663 3436 713 3480 2.
757 3435 802 3479 3.
835 3426 944 3482 136ss
977 3436 1026 3493 6,
1057 3436 1140 3492 23,
1171 3437 1217 3481 6.
1250 3436 1298 3482 9.
1455 3432 1538 3491 29,
1569 3437 1618 3482 5.
1659 3429 2059 3492 habeantprA.
2114 3432 2162 3478 6.
2197 3425 2390 3478 Caesar

551 3516 660 3567 BG.
702 3521 751 3578 6,
780 3521 865 3578 25,
895 3521 944 3568 4.
1155 3521 1238 3578 8⁰,
1280 3522 1328 3567 4.
1381 3524 1611 3580 quarum
1645 3529 1715 3578 pr
1749 3517 1805 3567 A.
1999 3518 2046 3564 5.
2087 3513 2390 3563 amissisius

548 3604 695 3666 urgis
719 3605 815 3654 Ax.
1031 3607 1115 3664 34,
1146 3607 1193 3653 8.
1222 3614 1344 3651 acre
1370 3603 1469 3653 Ax.
