2717 4159
528 317 646 378 152
932 338 1007 380 nn
1053 337 1241 380 nuto
1289 334 1571 379 scrrmco
1616 337 1933 380 rxcssnrn.

514 492 917 569 Celticaruml
971 505 1086 568 hoc
1116 514 1309 568 totum
1355 504 1435 568 ad
1481 505 1721 569 Claudii
1766 486 2361 588 gloriam‘pertinet.

516 616 811 681 Claudius
854 628 919 679 et
962 619 1287 679 securitate
1333 636 1466 679 rem
1523 617 1836 699 publicam
1896 627 1956 680 et
2009 618 2365 698 opulentiae

514 730 829 792 nimietate
887 728 1161 791 donavit.
1254 737 1599 810 pugnatum
1659 738 1978 811 praeterea
2033 741 2128 792 est
2192 729 2362 811 apud

511 842 858 923 ByzantioS,
933 841 1084 921 ipsis
1129 841 1236 920 qui
1282 840 1718 921 superfuerant
1760 842 2062 923 Byzantiis
2126 841 2373 903 fortiter

412 958 472 1004 45
512 952 908 1029 facientibus;
962 960 1307 1032 pugnatum
1353 950 1521 1032 apud
1567 952 2172 1031 ThessalonicenseS‚
2205 971 2369 1032 quos

512 1062 768 1125 Claudio
813 1062 1070 1125 absente
1128 1062 1502 1126 obsederant
1542 1062 1823 1140 barbari3
1907 1072 2246 1146 pugnatum
2294 1065 2357 1125 in

513 1173 779 1237 diversis
836 1173 1195 1256 regionibus
1254 1183 1314 1237 et
1371 1174 1607 1255 ubique
1669 1175 1959 1256 auspiciis
2003 1174 2367 1237 Claudianis

513 1288 657 1349 victi
703 1296 851 1349 sunt
893 1287 1090 1366 Gothi.

400 1398 469 1452 ll
637 1398 1037 1461 Antiochiano
1080 1409 1142 1460 et
1183 1397 1377 1459 Orfito
1421 1398 1779 1460 consulibus
1835 1399 2105 1477 auspicia
2164 1397 2359 1461 Clau-—

512 1509 697 1572 diana
742 1510 914 1571 favor
953 1508 1205 1572 divinus
1251 1490 1527 1572 adiuvits
1607 1528 1750 1571 nam
1800 1526 1941 1571 cum
1986 1528 2052 1571 se
2099 1510 2355 1572 Haemi—

515 1630 796 1683 montum
839 1619 1168 1683 multitudo
1228 1618 1639 1683 barbararum
1699 1622 1976 1702 gentium
2044 1638 2203 1702 quae
2249 1641 2363 1684 su·—

510 1733 871 1814 pet-fuerant
913 1732 1302 1812 contulisset,
1378 1731 1500 1793 illic
1543 1733 1625 1793 ita
1682 1731 1845 1794 fame
1891 1752 1962 1794 ac
2004 1732 2355 1814 pestilentia

444 1851 471 1896 5
508 1843 816 1907 laboravit·
846 1851 916 1905 ut
959 1843 1081 1905 Iam
1126 1842 1424 1906 Claudius
1467 1840 1912 1925 dedignaretur
1974 1852 2036 1906 et
2078 1845 2357 1906 vincere.

510 1954 782 2035 denique
825 1954 1067 2016 finitum
1113 1965 1207 2017 est
1235 1955 1649 2036 asperrimum
1693 1955 1930 2018 bellum
1964 1964 2357 2036 terroresque

509 2068 768 2129 Romani
811 2066 1082 2128 nominis
1126 2078 1273 2129 sunt
1317 2065 1585 2148 depulsi.

641 2196 788 2241 vera
862 2177 984 2240 dici
1039 2177 1200 2240 fides
1251 2179 1442 2259 cogit,
1508 2178 1693 2239 simul
1753 2186 1822 2241 ut
1873 2178 2068 2240 sciant
2125 2181 2187 2240 hi
2247 2182 2357 2260 qui

511 2288 862 2352 adulatores
906 2306 1018 2352 nos
1063 2290 1373 2352 aestimari
1430 2291 1717 2370 cupiunt,
1771 2288 1836 2352 id
1880 2289 2047 2370 quod
2106 2290 2357 2354 historia

411 2406 471 2451 ⁴⁰
512 2400 648 2485 dici¹
700 2401 971 2482 postulat
1025 2420 1154 2462 non
1220 2409 1449 2464 tacere.
1543 2418 1616 2462 eo
1682 2412 1957 2482 tempore
2017 2419 2137 2482 quo
2182 2412 2358 2483 parta

433 2552 442 2563 ·
512 2522 607 2575 est
650 2513 833 2594 plena
878 2514 1130 2575 victoria
1174 2512 1456 2594 plerique
1505 2512 1729 2575 milites
1776 2508 2016 2575 Claudii
2064 2514 2362 2576 secundis

511 2623 716 2688 rebus·
748 2625 923 2702 elati,
973 2640 1134 2704 quae
1192 2625 1579 2706 sapientium*
1611 2640 1857 2705 quoque
1917 2625 2154 2687 animos
2214 2625 2361 2686 fati-

513 2745 675 2818 gant,
730 2738 813 2798 ita
859 2736 922 2796 in
967 2735 1264 2817 praedam
1310 2737 1474 2798 versi
1521 2745 1669 2797 sunt
1728 2745 1798 2798 ut
1854 2754 1977 2797 non
2023 2738 2363 2817 cogitarent

414 2863 473 2908 45
513 2868 548 2911 a
577 2847 970 2929 paucissimis
1014 2867 1083 2909 se
1126 2864 1310 2927 posse
1352 2845 1593 2927 fatigari
1638 2846 1790 2909 dum
1829 2850 2105 2929 occupati
2151 2844 2361 2909 aniino

512 2969 695 3041 atque
742 2957 1102 3038 corporibus
1143 2957 1495 3020 avertendis
1526 2957 1773 3038 praedis
1796 2958 2166 3021 inserviunt.
2240 2959 2361 3022 de·

512 3073 703 3152 nique
759 3072 825 3132 in
887 3071 1022 3152 ipsa
1078 3070 1332 3132 victoria
1397 3086 1590 3150 prope
1635 3069 1759 3132 duo
1804 3070 1971 3132 milia
2015 3068 2276 3133 militum
2319 3091 2358 3133 a

652 3287 735 3335 ⁴4.
776 3286 1028 3350 superius
1064 3283 1278 3334 fuerant
1383 3282 1682 3346 byzantinis
1708 3284 1765 3333 Β.
1965 3288 2046 3335 45.
2090 3285 2356 3336 thessolo-

513 3371 760 3421 nicenses
1498 3426 1503 3433 J
2204 3379 2210 3387 ·

653 3459 735 3517 44,
767 3460 815 3507 4.
855 3456 1125 3517 atticianO,
1166 3450 1756 3517 corrEiyssenhardltus.
1969 3459 2018 3504 9.
2061 3468 2169 3505 non
2192 3458 2358 3506 aesti-

512 3542 647 3592 mari
673 3541 732 3601 B,
772 3541 1041 3592 aestimari
1077 3554 1177 3591 nos
1201 3539 1283 3592 8².
1541 3543 1622 3588 40.
1665 3539 1895 3604 postolat
2137 3544 2216 3590 Η.
2259 3554 2357 3591 an—

512 3641 611 3679 nos
635 3627 696 3689 B,
735 3626 948 3676 animos
971 3624 1052 3676 3².
1271 3628 1350 3676 ⁴6.
1392 3625 1678 3690 praesidiis
1704 3652 1709 3657 -

2702 1818 2710 1957 -ᾉᾼ
2706 1686 2707 1741 m*
