2717 4159
426 712 559 772 p.44

515 1717 576 1763 ⁴0

438 2217 580 2277 p.42

519 2286 578 2333 45

611 289 734 351 160
1117 305 1261 351 nrm
1306 306 1556 353 nouom
1599 307 1918 351 nomn.
1956 353 1961 357 ,

732 477 1029 537 Oceani
1104 474 1645 539 occidentalis
1698 477 2154 563 *fluminum
2228 486 2455 540 ortus

603 597 677 650 et
721 606 1065 649 occasus
1118 620 1193 635 —-

734 700 988 761 Fluvius
1061 698 1395 763 Rhodanus
1468 702 1739 765 nascitur
1809 699 1875 765 in
1942 697 2146 760 medio
2205 718 2446 779 campo.

608 812 873 874 occurrit
929 812 987 872 ei
1032 811 1311 873 Vicornis
1370 830 1448 892 ap
1494 810 1824 873 Batabione
1874 812 2173 888 venienS‚
2243 810 2454 871 relicta

606 921 802 986 cauda
848 933 1016 984 ortus
1062 923 1178 985 sui.
1273 920 1608 984 Rhodanus
1653 922 1855 1000 simul,
1931 922 2044 982 hoc
2088 930 2200 999 est,
2254 941 2449 983 unum

607 1033 899 1095 facientes
974 1035 1038 1096 in
1114 1052 1280 1094 mare
1355 1034 1625 1094 mittunt.
1750 1040 2070 1113 egerentes
2143 1031 2453 1094 Arelatem

610 1154 917 1227 mergunt.
1025 1143 1136 1208 sed
1198 1144 1298 1206 hic
1354 1162 1544 1224 quem
1606 1146 1929 1206 Vicornem
1992 1143 2266 1207 diximus
2311 1153 2453 1205 ante

609 1257 1099 1319 coniunctionem
1157 1253 1438 1318 Rhodani
1499 1257 1597 1318 vel
1657 1257 2154 1317 commixtionem
2221 1255 2284 1315 in
2345 1274 2456 1317 su-

609 1369 821 1449 pernis
866 1387 1093 1429 nomen
1155 1366 1325 1429 aliud
1370 1370 1628 1449 accepit.
1720 1376 1929 1449 preter
1971 1368 2296 1428 Vicornem
2341 1387 2457 1448 ap·-

615 1479 879 1559 pellatur
908 1479 1180 1541 Rhenus.
1278 1480 1359 1540 ita
1393 1499 1535 1560 ergo
1596 1478 1664 1541 fit
1724 1488 1795 1541 ut
1837 1478 1936 1539 hic
1979 1477 2212 1540 fluvius
2257 1478 2459 1540 tribus

613 1591 969 1653 nominibus
1014 1600 1429 1670 nuncupetur,
1483 1609 1623 1653 cum
1656 1593 1735 1652 sit
1790 1610 1955 1655 unus
2015 1597 2077 1652 et
2132 1588 2452 1653 dimidius

616 1702 785 1765 ducit
827 1711 1032 1764 autem
1065 1721 1100 1764 a
1145 1703 1299 1764 mari
1343 1676 1688 1765 Patavionis
1719 1720 1917 1781 usque
1964 1699 2044 1763 ad
2089 1720 2259 1763 mare
2303 1703 2461 1782 Tyr-

614 1833 837 1875 renum
881 1822 1089 1875 contra
1137 1814 1373 1876 insulas
1416 1814 1721 1876 Baleares.
1816 1815 1952 1875 eius
1982 1821 2188 1875 autem
2222 1811 2461 1875 medie-

613 1934 706 1988 tas
752 1943 873 2004 qua
920 1926 1111 2010 inruit
1165 1923 1354 1989 habet
1411 1925 1726 2005 aquileum
1784 1932 2239 2003 pertortuosum
2296 1929 2462 2006 Lug-

615 2036 876 2115 dunum,
929 2035 1039 2099 uhi
1085 2045 1147 2098 et
1190 2037 1486 2098 nascitur.
1527 2071 1601 2081 —

740 2149 996 2210 Fluvius
1040 2148 1284 2209 Vicorni
1329 2149 1574 2209 iunctus
1619 2148 1892 2210 nascitur
1936 2149 2001 2207 in
2033 2149 2265 2228 campis
2305 2147 2463 2208 Ger-

618 2261 878 2321 maniae.
974 2259 1310 2322 inlustrans
1351 2268 1659 2342 ¹campum
1715 2257 1916 2321 influit
1973 2258 2051 2321 ad
2110 2261 2455 2322 Vatavium.

755 2489 811 2535 et
831 2498 1084 2549 egressus
1109 2500 1159 2547 a,
1188 2499 1288 2550 quo
1308 2499 1417 2536 uno
1434 2491 1646 2550 praeter
1670 2484 1699 2555 β
1718 2490 1777 2537 cn
1798 2490 2055 2550 proximis
2076 2489 2152 2537 utu·
2174 2486 2302 2535 mihi
2325 2487 2467 2535 licuit

620 2573 688 2623 ad
708 2574 1007 2636 remaenda
1029 2570 1137 2634 fere
1161 2585 1223 2623 ea
1241 2585 1371 2634 quae
1395 2576 1449 2623 in
1468 2573 1748 2635 archetypo
1773 2573 1815 2622 B
1841 2573 2153 2637 legebantur.
2322 2574 2369 2618 4.
2410 2572 2465 2619 in

620 2671 809 2722 campo
834 2658 1142 2708 Galliarum.
1323 2662 1372 2708 2.
1412 2657 1693 2710 Bicornius
1716 2659 1920 2709 fluvius
1945 2672 1974 2708 a
1995 2658 2283 2707 Petavione

619 2750 670 2795 3.
713 2746 797 2794 sui
822 2744 968 2808 quod
985 2745 1165 2795 Araris
1185 2747 1542 2809 nuncupatur.
1709 2747 1758 2794 4.
1789 2744 2060 2794 Arelatum
2244 2746 2291 2792 5.
2318 2743 2467 2792 hunc

621 2843 786 2894 quem
822 2831 1130 2881 Bicornium
1304 2833 1352 2880 6.
1393 2830 1479 2879 vel
1505 2831 1940 2881 coniunctionem
1963 2829 2042 2882 A?
2197 2831 2244 2878 7.
2283 2829 2471 2878 Bicor-

623 2918 794 2967 nium.
835 2916 924 2966 hic
946 2916 1245 2977 Bicornius,
1287 2915 1378 2966 hic
1401 2914 1599 2976 Renus,
1640 2916 1730 2965 hic
1747 2915 1925 2966 Araris
1946 2913 2262 2980 appellatur,
2291 2886 2492 2962 Renus⁸

616 3015 715 3066 per
748 3004 1079 3067 provinciam
1110 3002 1469 3052 Germaniam.
1683 3004 1732 3050 9.
1774 3000 2031 3051 dimidius
2068 2999 2374 3064 quiAraris
2413 3000 2474 3047 ut

624 3103 783 3154 supra
801 3089 1035 3139 diximus
1059 3089 1416 3153 nuncupatur.
1575 3091 1671 3136 ⁴0„
1698 3087 2069 3136 Petavionensi
2245 3089 2326 3134 44.
2356 3096 2478 3133 me-

626 3175 740 3225 dias
775 3187 915 3238 quae
939 3176 999 3225 A.
1181 3178 1263 3224 42.
1304 3185 1470 3237 quem
1494 3174 1606 3223 ruit
1629 3186 1679 3233 a,
1718 3182 1803 3223 om
1824 3170 1875 3239 β.
1950 3171 2292 3236 aquilium-A,
2343 3182 2478 3219 acu-

627 3261 772 3311 leum
797 3258 843 3328 β.
920 3259 1181 3324 Lugduno
1209 3256 1293 3327 αβ.
1499 3262 1581 3308 48.
1623 3257 1717 3308 ubi
1751 3261 1934 3307 autem
1961 3258 2149 3318 inruit,
2193 3258 2379 3306 utrum
2418 3255 2477 3304 in

627 3348 841 3397 Oceano
866 3345 1163 3396 occidentis
1186 3356 1254 3393 an
1275 3356 1423 3395 mare
1436 3344 1679 3408 Tyrreno
1705 3344 1760 3393 in
1785 3344 2054 3408 praesenti
2078 3343 2255 3407 potest
2277 3340 2473 3400 videri,

627 3434 754 3496 quia
779 3431 846 3482 ab
871 3444 1007 3495 aqua
1032 3430 1101 3482 ad
1127 3443 1327 3494 aquam
1352 3430 1571 3481 videtur
1595 3441 1835 3481 currere.
1892 3429 2061 3479 currit
2084 3427 2230 3477 milia
2254 3437 2474 3476 ccccm.

767 3521 847 3568 44.
889 3518 984 3581 qui
1007 3517 1289 3566 Bicoruius
1323 3516 1523 3566 dicitur
1756 3516 1835 3565 48.
1878 3526 2131 3579 campum
2168 3513 2219 3562 in
2245 3512 2483 3577 Appete-

628 3604 778 3653 vium
810 3601 1074 3668 (apetabio
1096 3599 1144 3669 β)
1173 3603 1345 3652 currit
1371 3601 1516 3652 milia
1539 3613 1754 3652 ccxnn.
