2717 4159
563 291 682 350 114
1120 307 1153 347 Ε
1189 307 1370 349 rui-111
1411 307 1583 350 nmio
1616 307 1832 351 xxxva.

561 487 656 538 est
709 477 936 557 pineus
982 468 1046 537 in
1092 475 1322 540 adtritu
1368 474 1518 539 odor
1561 485 1623 537 et
1677 475 1846 556 quod
1902 495 2235 539 accensum
2279 483 2411 536 tae—

500 602 527 647 5
566 587 683 653 dae
728 586 909 650 modo
954 607 1027 650 ac
1070 586 1286 649 nidore
1330 587 1570 667 flagrat.
1664 587 1942 650 adfertur
2007 607 2043 650 a
2089 588 2414 650 Germanis

567 702 630 763 in
677 701 1053 762 Pannoniam
1098 700 1366 760 maxime
1412 700 1813 778 provinciam,
1883 708 1945 764 et
2002 699 2152 761 inde
2197 700 2416 761 Veneti

562 813 854 891 primum,
892 829 1047 890 quos
1078 810 1308 873 Enetos
1341 810 1556 873 Graeci
1602 820 2011 890 vocaverunt,
2067 810 2293 873 famam
2326 812 2414 871 rei

562 923 763 984 fecere
809 923 1199 1002 proximique
1246 923 1596 984 Pannoniae
1642 932 1704 984 et
1746 932 2001 1003 agentes
2043 923 2202 982 circa
2246 940 2414 982 mare

473 1044 541 1094 44
580 1033 1015 1095 Hadriaticum.
1127 1033 1288 1095 Pado
1349 1052 1498 1094 vero
1560 1033 1802 1095 adnexa
1862 1034 2073 1095 fabula
2119 1041 2215 1095 est
2268 1032 2413 1093 evi—

565 1145 752 1209 dente
797 1164 1015 1224 causa,
1069 1145 1376 1225 hodieque
1422 1144 2004 1225 Transpadanorum
2067 1143 2415 1224 agrestibus

565 1257 813 1319 feminis
858 1257 1179 1318 monilium
1226 1258 1360 1317 vice
1407 1258 1623 1318 sucina
1667 1256 2094 1336 gestantibus,
2150 1256 2416 1316 maxime

570 1368 809 1430 decoris
854 1369 1076 1447 gratia,
1101 1402 1102 1405 κ
1129 1367 1243 1430 sed
1288 1375 1349 1428 et
1391 1367 1772 1443 medicinae;
1839 1367 2115 1432 creditur
2182 1366 2417 1446 quippe

500 1493 528 1540 5
568 1480 828 1543 tonsillis
894 1480 1181 1541 resistere
1239 1488 1301 1540 et
1358 1479 1627 1541 faucium
1699 1480 1869 1559 vitis,
1951 1480 2119 1540 vario
2184 1496 2418 1558 genere

569 1611 875 1672 aquarum
939 1593 1111 1653 iuxta
1171 1589 1344 1672 Alpis
1404 1591 1731 1653 infestante
1776 1599 2022 1672 guttura
2068 1591 2409 1651 hominum.

464 1713 530 1764 45
565 1723 639 1765 nc
672 1724 713 1764 u
758 1723 823 1784 p.
876 1704 1003 1765 fere
1049 1723 1084 1765 a
1127 1703 1443 1764 Carnunto
1501 1703 1849 1764 Pannoniae
1897 1702 2116 1765 abesse
2160 1702 2310 1763 litus
2357 1701 2423 1763 id

563 1816 928 1877 Germaniae
984 1834 1065 1875 ex
1107 1831 1229 1894 quo
1261 1814 1576 1875 invehitur
1606 1815 2031 1894 percognitum
2066 1822 2159 1874 est
2186 1832 2413 1893 nuper.

564 1927 723 1989 vidit
802 1945 996 2006 eques
1066 1928 1140 1987 R.
1206 1925 1287 1987 ad
1345 1926 1413 1987 id
1481 1925 1975 2007 comparandum.
2038 1926 2268 1986 missus
2341 1925 2421 1985 ab

567 2039 804 2099 Iuliano
848 2046 1102 2099 curante
1147 2037 1582 2117 gladiatorium
1628 2057 1859 2099 munus
1887 2038 2149 2098 Neronis
2178 2037 2421 2116 princi-

501 2161 530 2207 5
571 2152 687 2229 piS‚
734 2150 885 2228 quin
930 2157 991 2209 et
1020 2151 1384 2211 commercia
1415 2167 1488 2211 ea
1526 2157 1587 2210 et
1634 2150 1809 2228 litora
1838 2149 2209 2228 peragravit,
2250 2157 2424 2209 tanta

573 2262 748 2341 copia
791 2261 1035 2323 invecta
1076 2271 1148 2322 ut
1190 2262 1340 2323 retia
1385 2259 1741 2322 coercendis
1791 2260 1938 2321 feris
1982 2259 2241 2339 podium
2274 2278 2425 2340 pro-

564 2373 833 2453 tegentia
889 2372 1123 2434 sucinis
1169 2371 1581 2451 nudarentur,
1656 2373 1888 2435 harena
1956 2390 2106 2432 vero
2149 2380 2231 2458 *et
2275 2371 2426 2433 libi-

568 2485 698 2545 tina
763 2491 1050 2563 totusque
1116 2485 1303 2546 unius
1363 2483 1486 2545 diei
1554 2492 1885 2563 apparatus
1952 2484 2017 2544 in
2077 2484 2422 2547 variatione

703 2710 752 2757 4.
798 2710 846 2756 5.
888 2718 1181 2756 accensum
1199 2733 1255 2742 -—
1274 2704 1521 2755 adfertur
1544 2719 1625 2755 om
1650 2707 1711 2755 B.
1927 2710 1976 2755 5..
2017 2704 2338 2757 adfirmatur
2361 2707 2417 2767 F,

567 2791 869 2843 affirmatur
891 2806 943 2842 a.
1124 2795 1173 2841 6.
1214 2791 1547 2856 provinciam
1573 2804 1654 2840 om
1681 2792 1737 2840 B.
1954 2796 2002 2841 7.
2034 2796 2251 2842 senatos
2277 2794 2423 2856 greci

568 2879 628 2939 B,
669 2879 844 2942 graeci
872 2879 1012 2927 nitos
1037 2878 1092 2937 L,
1134 2879 1277 2940 greci
1305 2878 1512 2926 inaetos
1545 2878 1711 2941 (natos
1737 2876 1784 2938 a)
1816 2893 1872 2928 m.
2051 2879 2133 2938 44,
2164 2882 2214 2928 2.
2246 2881 2427 2928 trans—

567 2963 908 3028 padonorum
932 2964 991 3023 B,
1033 2964 1524 3036 transpadanorum
1546 2965 1636 3013 La.
1846 2965 1891 3011 4.
1935 2964 2182 3013 creditur
2218 2965 2423 3030 quippe

568 3067 788 3117 tossillis
806 3068 868 3128 B,
896 3059 971 3130 ‘in
1002 3066 1239 3130 (quando
1264 3067 1320 3129 a)
1367 3066 1595 3116 tonsillis
1621 3067 1863 3116 creditur
1894 3078 1965 3121 ως·
2020 3072 2025 3079 ·
2187 3071 2233 3116 6.
2277 3067 2427 3132 alpes

572 3151 656 3213 B2‚
697 3152 814 3202 aliis
842 3154 941 3213 Fa,
994 3153 1129 3203 alios
1154 3154 1211 3202 L.
1461 3154 1542 3211 45,
1572 3156 1619 3201 2.
1662 3154 1745 3201 est
1770 3149 1850 3212 32,
1895 3164 1977 3201 om
2000 3165 2056 3201 x.
2181 3154 2423 3218 vivitque

572 3269 742 3320 eques
766 3256 820 3306 R.
853 3257 912 3317 B,
953 3256 1151 3306 videte.
1181 3247 1235 3319 q.
1264 3246 1321 3305 a.
1351 3256 1408 3315 F,
1449 3256 1586 3305 vidit
1610 3246 1697 3318 θεῖ.
1728 3255 1785 3306 R.
1815 3269 1865 3315 a,
1915 3255 2054 3305 vidit
2079 3257 2227 3305 enim
2253 3271 2424 3321 eques

570 3354 828 3391 romanus
855 3343 909 3392 L.
1087 3345 1137 3392 ¹0.
1177 3341 1537 3404 gladiatorum
1562 3342 1697 3391 BLa.
1932 3344 1978 3390 5.
2023 3343 2117 3405 qui
2144 3345 2201 3392 et
2225 3344 2286 3403 Β,
2328 3345 2423 3406 qui

570 3439 670 3476 nec
688 3426 778 3476 La.
871 3438 940 3476 ea
955 3426 1012 3486 B,
1042 3439 1199 3487 cmx,
1228 3428 1472 3477 exercuit
1500 3427 1711 3478 UrlichS.
1893 3429 1940 3478 6.
1985 3427 2111 3478 feris
2135 3429 2419 3493 podiumq.

565 3512 623 3572 B,
666 3513 921 3576 spodium
943 3512 1011 3572 L,
1054 3510 1178 3586 ferit
1213 3513 1467 3576 spodium
1494 3527 1543 3563 a.
1621 3513 1832 3576 egentia
1855 3511 1912 3562 B.
2129 3518 2178 3563 7.
2221 3514 2427 3565 harena

570 3597 887 3667 Detlofsenus
911 3598 1024 3648 coll.
1053 3601 1138 3659 33,
1169 3603 1249 3667 90,
1284 3586 1368 3660 3⁴6,
1402 3602 1516 3660 462,
1556 3611 1704 3648 arma
1731 3599 1827 3649 Bm.
1878 3667 1882 3671 .
1943 3597 2156 3651 livitina
2180 3599 2263 3665 31,
