2717 4159
737 299 771 339 B
799 295 1085 340 conexu
1114 295 1304 340 utu
1336 295 1511 339 cmo
1543 297 1585 338 1.
1624 296 1687 339 11.
2052 279 2138 339 79Ὶ

285 473 390 527 tus
453 466 652 544 Illyris
704 475 984 545 occupat.
1089 468 1252 527 inter
1315 468 1521 546 ipsum
1594 464 2015 528 Hadriaticum
2073 474 2136 527 et

286 579 556 640 Tuscum
600 578 770 639 ltalia
808 578 1134 657 procurrit.
1202 579 1268 640 in
1313 578 1508 639 Tusco
1538 577 1753 639 intimo
1779 578 1976 639 Gallia
2010 587 2123 655 est,

284 689 449 750 ultra
491 689 805 768 Hispania.
896 689 1063 749 haec·
1103 691 1170 750 in
1227 687 1606 750 occidentem
1666 687 1900 768 diuque
1944 692 2130 751 etiam
2169 701 2232 747 49

285 798 373 861 ad
416 801 894 879 septentrionem
940 797 1206 862 diversis
1248 800 1553 862 frontibus
1596 796 1815 881 vergitss
1897 799 2130 864 deinde

286 928 506 972 rursus
535 910 730 972 Gallia
756 919 875 986 est,
922 911 1100 991 longe
1129 919 1192 972 et
1234 931 1269 973 a
1310 914 1535 976 nostris
1563 910 1844 973 litoribus
1872 912 1993 973 huc
2018 930 2131 973 us-

287 1040 414 1101 que
455 1024 780 1102 permissa.
873 1022 953 1084 ab
999 1041 1072 1084 ea
1115 1023 1409 1084 Germani
1453 1022 1533 1084 ad
1576 1025 1887 1085 Sarmatas
1929 1025 2134 1103 porri-

284 1141 534 1213 guntur,
588 1134 675 1195 illi
719 1133 799 1195 ad
842 1132 1073 1195 Asiam.

1028 1322 1069 1373 E
1106 1323 1297 1374 LIBRO
1323 1324 1387 1373 11.

425 1480 439 1493 .
481 1478 495 1491 .
538 1479 553 1493 .
603 1431 935 1514 callipidas
997 1436 1268 1515 Hypanis
1337 1433 1599 1499 includit
1645 1480 1659 1493 .
1714 1480 1727 1493 .
1780 1480 1793 1492 .
1881 1431 2134 1506 ,Asiaoes
2172 1432 2223 1485 l·
2255 1437 2281 1482 ⁷

293 1545 613 1624 proximus
657 1548 816 1607 intra
844 1546 1180 1627 Callipidas
1209 1543 1585 1625 Asiacasque
1615 1544 1958 1606 descendit.
2024 1545 2134 1606 hos

289 1655 373 1717 ab
415 1657 688 1720 Histricis
719 1659 877 1737 Tyra
898 1665 1163 1738 separat.
1223 1659 1515 1746 surgit0in
1541 1657 1795 1740 Neuris:
1836 1674 1960 1735 qua
1982 1659 2125 1734 exit,

291 1768 392 1829 sui
433 1770 700 1832 nominis
744 1767 1045 1849 oppidum
1073 1767 1353 1848 adtingit,
1449 1776 1509 1830 at
1554 1768 1653 1829 ille
1700 1768 1808 1846 qui
1851 1768 2133 1849 Scythiae
2172 1775 2199 1819 8

295 1880 555 1959 populos
601 1899 636 1941 a
681 1871 1090 1959 sequentibus
1130 1878 1384 1959 dirimit,
1437 1881 1665 1960 apertis
1709 1881 1774 1940 in
1809 1880 2137 1942 Germania

291 1989 594 2065 fontibuS,
659 1991 776 2054 alio
822 2010 1007 2071 quam
1053 1990 1282 2052 desinit
1310 1992 1559 2070 nomine
1605 1992 1899 2076 exoritur.
1991 2009 2133 2053 narn

291 2120 405 2181 per
448 2103 722 2164 inmania
765 2121 1128 2183 magnarum
1174 2104 1448 2183 gentium
1492 2100 1603 2181 diu
1647 2102 1969 2164 Danubius
2016 2110 2127 2179 est,

295 2212 525 2274 deinde
586 2214 761 2276 aliter
817 2233 960 2275 eum
1020 2212 1478 2293 adpellantibus
1537 2214 1757 2275 accolis
1822 2213 1889 2273 fit
1934 2215 2138 2275 Hister
2174 2222 2202 2267 5

290 2326 683 2404 acceptisque
729 2326 959 2405 aliquot
1001 2324 1309 2404 amnibuS,
1364 2326 1583 2406 ingens
1617 2326 1759 2414 ‘iam
1818 2333 1879 2385 et
1923 2344 2134 2386 eorum

296 2438 405 2515 qui
449 2437 513 2497 in
558 2447 836 2514 nostrum
881 2455 1049 2500 mare
1096 2435 1394 2498 decidunt
1435 2445 1674 2497 tantum
1719 2436 1854 2497 Nilo
1909 2438 2127 2512 minor,

236 2525 243 2529 ⁸
296 2546 551 2630 totidem
574 2557 721 2627 quot
763 2548 865 2610 ille
911 2549 1099 2627 ostiiS,
1138 2547 1250 2609 sed
1293 2547 1494 2626 tribus
1522 2546 1837 2626 tenuibus,
1882 2549 2135 2626 reliquis

293 2658 749 2740 navigabilibus
794 2658 1011 2721 effluit.

425 2818 441 2832 .
483 2817 496 2829 .
540 2818 553 2858 ,·
604 2770 832 2834 deinde
864 2772 1035 2832 Luna
1082 2759 1374 2851 Ligurum
1420 2778 1481 2829 et
1524 2770 1760 2850 Tigulia
1805 2778 1864 2831 et
1921 2770 2137 2830 Genua
2173 2782 2228 2836 4,
2254 2788 2317 2835 72

293 2890 357 2941 et
399 2881 713 2944 Sabatiaet
747 2881 1229 2964 Albingaunum,
1282 2889 1414 2943 tum
1454 2881 1637 2942 Paulo
1671 2889 1730 2940 et
1759 2881 1986 2942 Varum
2017 2878 2139 2941 flu—

293 2993 481 3070 mina,
535 3001 794 3073 utraque
851 2993 930 3056 ab
973 2991 1235 3073 Alpibus
1282 2992 1554 3073 delapsa,
1594 2990 1709 3053 sed
1736 2993 1963 3054 Varum
1995 2993 2141 3071 quia

295 3103 527 3165 Italiam
553 3104 687 3166 finit
718 3105 1028 3185 aliquanto
1061 3106 1285 3166 notiuS.
1322 3103 1509 3184 Alpes
1552 3104 1720 3184 ipsae
1764 3102 1843 3165 ab
1873 3103 1968 3165 his
2000 3104 2138 3164 lito-
2176 3112 2237 3157 7³

426 3330 477 3387 7,
518 3331 564 3377 4.
606 3333 654 3380 2.
697 3328 1011 3393 callippidas
1034 3329 1076 3378 Α
1113 3331 1149 3378 i.
1172 3341 1214 3377 e.
1258 3328 1420 3378 codex
1462 3326 1732 3377 Vaticanus
1766 3330 1896 3380 4929
1947 3339 2079 3375 saec.
2109 3340 2143 3373 x

296 3415 530 3464 incuntis.
596 3412 611 3420 “
725 3417 772 3463 3.
813 3427 947 3479 pyra
972 3416 1056 3465 Aa>
1081 3412 1284 3475 (reliqui
1307 3414 1426 3463 libri
1449 3418 1541 3463 aut
1567 3425 1736 3462 omnes
1758 3416 1848 3461 aut
1866 3412 2136 3474 plerique).

422 3502 477 3560 8,
499 3504 547 3547 7.
570 3498 724 3551 Nilus
738 3502 1027 3563 -septem
1045 3501 1096 3548 in
1113 3512 1204 3548 ora
1217 3511 1275 3547 se
1289 3498 1542 3548 scindens
1555 3523 1624 3536 ——
1637 3497 1901 3548 evolvitur
1916 3500 1934 3545 4
1949 3529 1966 3554 ,
1985 3499 2031 3545 8.
2055 3500 2108 3544 54
2126 3533 2138 3544 .

429 3588 511 3646 72,
552 3589 601 3633 4.
647 3585 828 3649 ligulia
851 3587 947 3637 Ax.
1184 3587 1234 3633 2.
1274 3582 1662 3634 albincaunum
1684 3583 1782 3632 Aa).
