2717 4159
929 285 960 326 Ε
992 283 1170 329 rimu
1216 282 1388 327 mm
1424 285 1502 327 iv.
2058 264 2133 327 91

296 455 512 515 minat.
606 453 890 517 feruntur
945 461 1012 514 et
1047 451 1293 514 Oeonae
1337 454 1405 513 in
1463 455 1604 533 quis
1648 452 1783 514 ovis
1825 453 2034 515 avium
2081 459 2142 512 et

295 565 513 627 avenis
557 565 792 626 incolae
836 546 1070 640 vivant,
1120 563 1277 626 aliae
1323 565 1388 625 in
1448 563 1677 643 quibus
1736 565 1982 643 equinis
2026 582 2140 642 pe-

295 673 485 737 dibus
516 675 794 737 homines
824 683 1156 737 nascantur
1186 673 1579 755 Hippopodes
1624 675 1933 755 appellati.
2023 675 2136 736 Pa-

295 788 602 848 notiorum
632 787 786 863 aliae
832 787 897 847 in
942 785 1175 867 quibus
1203 786 1374 849 nuda
1412 787 1640 866 alioqui
1671 805 1922 866 corpora
1952 804 2137 866 prae·
2176 808 2236 853 ιο

293 897 564 978 grandes
611 899 883 978 ipsorum
928 916 1111 960 aures
1154 905 1275 959 tota
1320 880 1664 978 contegant.

424 1011 640 1090 incipit
683 1007 909 1071 deinde
956 1009 1173 1073 clarior
1216 1010 1445 1088 aperiri
1488 1008 1649 1071 fama
1692 1007 1772 1070 ab
1816 1017 1998 1089 gente
2034 1010 2137 1071 In-
2173 1025 2237 1076 96

293 1139 643 1201 gvaeonum
676 1140 836 1200 quae
866 1128 961 1185 est
988 1121 1184 1203 prima
1215 1122 1280 1182 in
1312 1121 1660 1183 Germania.
1735 1139 1912 1183 mons
1942 1120 2139 1182 Saevo

298 1231 388 1293 ibi
432 1233 754 1297 inmensus
784 1250 901 1294 nec
929 1232 1219 1311 Riphaeis
1264 1232 1427 1312 iugis
1454 1233 1655 1295 minor
1697 1232 2014 1295 inmanem
2060 1231 2137 1293 ad

291 1342 685 1407 Cimbrorum
730 1362 930 1423 usque
974 1344 1471 1424 promunturium
1517 1342 1704 1415 efficit
1744 1344 1971 1420 sinum,
2028 1344 2137 1422 qui

294 1454 584 1517 Codanus
614 1464 884 1532 vocatur,
938 1454 1200 1516 refertus
1246 1453 1466 1517 insulis
1502 1472 1768 1534 quarum
1801 1454 2133 1519 clarissima
2175 1468 2198 1510 5

296 1574 391 1629 est
438 1565 804 1631 Scadinavia
848 1567 1242 1645 inconpertae
1277 1564 1745 1645 magnitudinis,
1792 1567 2134 1645 portionem

293 1686 536 1743 tantum
567 1680 701 1740 eius
727 1675 897 1756 quod
927 1686 1142 1740 notum
1186 1678 1268 1738 sit
1293 1676 1707 1741 Hissevionum
1737 1684 1918 1757 gente
1950 1678 2136 1755 quin-

293 1791 494 1869 gentis
554 1789 858 1853 incolente
903 1789 1105 1868 pagiS,
1161 1805 1320 1867 quae
1368 1789 1631 1853 alterum
1676 1786 1889 1849 orbem
1934 1796 2132 1849 terra·

434 2118 615 2163 ''l—ii.
657 2114 789 2165 Mela
814 2118 862 2172 3,
893 2117 941 2173 6,
972 2116 1054 2162 56.
1270 2116 1317 2163 8.
1358 2120 1558 2165 oeonae
1585 2110 1815 2173 Ai'thx,⁴
1848 2125 2137 2163 oeonas-es

291 2211 525 2249 oaeones
561 2210 788 2249 oecenas
822 2203 869 2248 et
903 2200 1139 2248 similiter
1172 2200 1291 2249 libri
1316 2199 1492 2258 Solini,
1534 2211 1799 2248 oeocenae
1829 2199 1922 2248 Dic
1948 2203 1994 2258 7,
2028 2203 2076 2257 5,
2110 2201 2135 2246 3

299 2286 367 2347 (7,
396 2285 504 2340 24).
650 2289 733 2335 4ο.
763 2283 1094 2335 fanesiorum
1110 2285 1245 2345 ΑΕά,
1276 2284 1605 2336 fanestorum
1630 2284 1769 2344 DFa,
1798 2287 1852 2334 in
1870 2286 1909 2334 R
1929 2286 2134 2343 lacuna,

292 2369 674 2434 phanesiorum
711 2369 1076 2421 fannesiorum
1115 2370 1459 2420 hanesiorum
1498 2371 1617 2420 libri
1641 2370 1800 2420 Solini
1838 2374 1918 2429 49,
1950 2374 1999 2428 7,
2040 2370 2138 2418 Pa-

297 2456 469 2505 notios
504 2457 728 2506 Isidorus
765 2461 844 2516 Η,
890 2461 938 2515 3,,
971 2460 1032 2506 49
1070 2467 1138 2507 ox
1163 2457 1342 2508 Plinio.
2186 2515 2192 2521 q

434 2545 517 2601 96,
546 2545 595 2591 2.
637 2543 992 2605 inguaeonum
1017 2543 1179 2594 ARDa
1206 2543 1412 2594 Solinus
1435 2545 1518 2602 2⁰,
1551 2547 1568 2591 1
1616 2542 1712 2591 Dic
1737 2546 1786 2602 7,
1812 2545 1859 2601 5,
1881 2545 1908 2590 4
1943 2542 2133 2604 (7,22).

398 2629 568 2692 prima
593 2629 647 2677 in
673 2628 957 2678 Germania
997 2629 1090 2678 Dic
1122 2626 1455 2689 Deflet-semu,
1496 2628 1667 2692 prima
1704 2627 1831 2678 inde
1867 2629 2137 2690 germania

298 2711 514 2773 EDRaA,
557 2713 680 2763 inde
716 2698 889 2778 prima
928 2713 1246 2764 Germaniae
1286 2715 1344 2762 Α.
1490 2725 1651 2763 saevo
1676 2713 1768 2764 AD
1792 2694 1998 2764 Solinus
2023 2714 2135 2772 Die,

295 2811 422 2849 sevo
455 2799 544 2849 Rd.
760 2803 808 2849 3.
845 2801 1045 2864 >ripaeis
1081 2800 1185 2849 RD.
1243 2790 1446 2850 Solinus
1485 2800 1611 2849 haec
1646 2800 1718 2849 ita
1753 2800 1942 2849 rettulit
1990 2800 2139 2849 Mons

295 2885 462 2934 Saevo
487 2910 545 2922 --
579 2884 789 2935 initium
816 2885 1129 2935 Germaniae
1158 2885 1298 2936 facit.
1350 2888 1683 2948 Inguaeones
1708 2887 1911 2944 tenent,
1949 2898 1980 2935 a
2014 2886 2140 2949 qui·

293 2969 395 3020 bus
418 2971 606 3034 primis
629 2973 750 3035 post
786 2971 1009 3034 Scythas
1033 2984 1228 3021 nomen
1255 2971 1634 3021 Germanicum
1658 2971 1947 3034 consurgit,
1988 2971 2139 3020 dives

292 3057 470 3107 virum
493 3059 654 3116 terra,
683 3056 939 3120 frequens
958 3057 1171 3121 populis
1198 3057 1501 3106 numerosis
1520 3057 1575 3105 et
1597 3054 1920 3106 inmanibus».
1951 3060 2139 3105 exten-

294 3142 443 3192 ditur
459 3143 598 3191 inter
617 3142 944 3205 Hercynium
967 3143 1164 3193 saltum
1188 3145 1243 3191 et
1267 3154 1431 3206 rupes
1450 3142 1813 3191 Sarmatarum
1829 3145 1978 3207 (conf.
2003 3142 2132 3191 Plt‘n.

268 3228 344 3287 »4,
375 3230 482 3289 80).
523 3227 617 3277 ubi
644 3230 847 3292 incipit,
887 3229 1152 3287 Danuvi0,
1194 3226 1286 3277 ubi
1311 3228 1526 3287 desinit,
1568 3226 1751 3277 Rheno
1775 3227 2133 3291 perfunditur.

433 3317 480 3364 6.
523 3313 830 3373 scadinaaia
863 3314 1084 3372 DFDic‚
1159 3315 1455 3367 scatinauia
1504 3311 1642 3374 AE2,
1695 3313 2041 3371 scandinauia
2079 3314 2133 3372 R,

291 3399 606 3449 sandinauia
633 3399 714 3459 E1,
755 3401 1001 3467 gangavia
1040 3399 1244 3451 Solinus
1278 3397 1364 3459 ΞΟ,
1392 3403 1439 3459 8,
1483 3399 1771 3450 scandauia
1821 3398 2134 3449 caudinauia

292 3485 555 3535 candauia
590 3485 686 3535 Dic
711 3489 759 3544 7,
793 3487 839 3543 4,
872 3489 897 3535 3
930 3488 997 3549 (7,
1032 3488 1132 3547 ⁴8).
1381 3489 1429 3534 7.
1473 3485 1787 3535 illevionum
1814 3484 1851 3532 fl
1875 3489 1922 3533 et
1950 3483 2140 3534 Dicam

297 3570 407 3622 DV.
